2884 4962
609 397 854 476 ..M-

222 618 289 700 pro
314 607 390 680 εἴας.
441 593 527 668 vid.
556 595 629 672 loca
658 624 747 700 quae
779 597 885 671 habet
917 598 1040 674 Mattln
1063 605 1142 678 vGr.
1177 634 1233 705 gr.

222 719 256 818 ᾗ,
276 718 363 812 48ι.
401 728 473 788 not.
495 741 530 788 2.
564 715 648 793 add.
676 714 770 794 Med.
795 741 844 792 vs.
862 715 932 790 223
952 745 1026 820 seq.
1050 726 1110 822 qui
1138 725 1236 803 locus

224 839 383 939 proxime
407 833 453 908 ad
470 849 628 910 nostrum
652 835 811 911 accedit:
838 863 920 910 num
949 837 1046 936 plura
1077 843 1237 943 colligere

224 968 320 1028 vetat
344 954 480 1028 Schaef.
500 953 545 1026 ad
566 956 662 1027 Poer.
680 955 807 1030 Gnom.
831 980 909 1056 pag.
931 959 1009 1032 186.
1057 959 1170 1036 Versu
1185 991 1240 1038 se-

225 1077 349 1176 quenti
366 1072 462 1174 quod
480 1072 605 1170 legitur
627 1083 721 1170 πατὴρ
736 1076 774 1145 ὢ]
798 1086 853 1144 εει
869 1099 912 1146 ex
938 1075 1133 1150 coniectura
1154 1082 1242 1154 Gro-

223 1198 283 1286 tii,
310 1219 394 1266 nam
415 1193 454 1263 iu
476 1190 614 1264 Stcbaei
634 1190 737 1265 codd.
758 1188 882 1288 legitur
898 1210 954 1266 τῶν
976 1206 1121 1292 narem,
1146 1199 1242 1300 quod

167 1309 171 1316 ’
224 1313 375 1388 mihies
399 1306 507 1406 glossa
526 1323 648 1382 natum
673 1309 811 1384 videtur
830 1312 1002 1404 hominis,
1029 1317 1090 1416 qui
1108 1318 1252 1395 videus.

225 1428 271 1506 de
287 1427 427 1528 duplice
453 1413 656 1500 auctoritate
674 1427 733 1502 hic
751 1454 949 1504 sermonem
975 1457 1065 1522 esse,
1096 1451 1241 1536 paterna

225 1561 263 1630 et
282 1547 394 1644 regia,
419 1543 456 1618 id
485 1543 738 1645 explicaverat,
768 1542 981 1622 adverbum
1009 1560 1083 1640 ὅστις
1113 1559 1243 1633 adscri-

224 1668 316 1745 bens
338 1683 392 1740 τῶν
423 1678 568 1762 πατέρων,
601 1677 642 1738 ut
673 1663 719 1736 ad
744 1676 949 1763 sequentem
984 1649 1122 1766 versum
1150 1675 1238 1750 sorte

224 1805 282 1862 τῶν
301 1798 447 1883 ἀρχόντων
460 1783 697 1886 adscripserat.
724 1783 848 1881 Neque
863 1796 1002 1878 tamen,
1026 1789 1158 1884 fateor,
1177 1795 1241 1868 mi·

226 1906 266 1982 tu·
289 1906 454 1982 satisfacit
473 1905 589 1982 Grotii
613 1905 837 1994 coniectura,
870 1918 929 1976 aut
949 1921 1028 2006 post
1055 1913 1163 1986 verba
1183 1944 1243 1987 πα-

224 2039 281 2124 τὴρ
297 2026 336 2099 ὧν
352 2040 439 2126 ¹apte
462 2025 562 2126 sequi
588 2021 726 2096 videtur
746 2025 765 2107 ἢ
784 2030 833 2095 καὶ
852 2031 994 2117 πολίταις,
1019 2029 1081 2102 sed
1106 2031 1172 2105 hac
1187 2059 1242 2106 ra.

224 2148 323 2221 tione
348 2145 478 2248 requiri
502 2167 686 2215 commune
707 2141 854 2216 verbum
877 2167 947 2243 quo
967 2159 1119 2245 potestas
1135 2151 1174 2222 in
1195 2149 1255 2225 11„

223 2267 327 2344 beros
346 2280 382 2341 et
398 2268 438 2340 in
453 2265 545 2338 cives
564 2260 665 2334 simul
684 2262 793 2360 possit
805 2263 1001 2360 significari.
1038 2264 1108 2338 Sed
1128 2270 1242 2342 verim

169 2407 173 2414 “
222 2387 385 2477 videtur,
406 2383 499 2488 quod
516 2381 604 2456 mitti
614 2379 740 2454 Belius
761 2381 854 2459 v.cl.
877 2381 1047 2478 subiecit,
1071 2391 1103 2458 τὸ
1118 2403 1245 2482 πρῶτον,

222 2519 266 2581 ut
291 2511 311 2593 ἤ
338 2515 386 2578 mi
408 2506 504 2605 quasi
528 2510 558 2578 τὸ
573 2507 696 2600 δεύτεροι
715 2517 891 2604 sequatur.

274 2628 320 2702 ln
349 2625 457 2700 altero
496 2622 688 2698 Stobaeano
728 2621 805 2697 loco
834 2624 991 2726 primum
1028 2627 1112 2700 eme
1134 2656 1188 2724 ys,
1217 2651 1240 2702 a

226 2724 383 2818 Seidlero
406 2741 649 2849 sollicitatum,
685 2743 898 2818 servandum
927 2756 1030 2843 puto,
1053 2759 1090 2816 et
1107 2772 1174 2846 per
1205 2771 1243 2820 se

224 2879 316 2941 stare
348 2877 389 2936 ut
426 2861 470 2934 ab
496 2862 700 2961 indignante
734 2868 901 2942 dictuma
936 2863 1032 2965 quod
1066 2863 1243 2936 studiosus

227 2984 388 3087 inprimis
419 2982 564 3082 tragicae
608 2981 769 3058 dictionis
803 2981 903 3058 Plato
933 2995 1071 3058 secutus
1106 2995 1160 3056 est
1199 2982 1238 3054 in

228 3101 375 3176 Theaet.
402 3127 439 3203 p.
467 3101 546 3202 195.
570 3101 611 3174 B.
638 3102 700 3175 ubi
719 3105 895 3176 Socrates:
922 3106 1005 3178 δεινόν
1024 3132 1076 3201 ys,
1102 3098 1239 3174 ὦΘεαί·

229 3249 318 3312 τητε,
343 3231 379 3306 ὡς
404 3227 513 3306 ἀληθῶς
546 3224 690 3294 κινδυνεύει
712 3219 759 3292 neit
787 3228 868 3308 ἀηδὲς
887 3223 956 3297 εἶναι
981 3233 1054 3322 ἀνὴρ
1073 3227 1239 3314 ἀδολέσχης.

223 3343 269 3416 ln
287 3338 458 3442 Euripide
492 3337 637 3440 quidem
672 3362 743 3410 non
768 3343 924 3440 sequitur
949 3356 1004 3436 ὡς,
1030 3342 1114 3430 sed,
1141 3355 1181 3414 ut
1202 3343 1260 3420 in.

226 3473 400 3539 commota
434 3461 609 3548 oratione,
634 3484 722 3560 quae
757 3458 857 3533 facile
889 3475 1067 3551 mutatur,
1091 3461 1240 3532 insertur

226 3580 399 3685 particula
423 3581 474 3652 di:
500 3603 589 3676 quae
613 3593 668 3652 est
701 3579 871 3678 quaedam
891 3579 1039 3682 ellipsis,
1063 3605 1168 3680 quam
1186 3603 1241 3650 se.

228 3697 342 3772 datius
358 3699 389 3772 si
415 3696 568 3800 loqueris
601 3699 651 3770 sic
675 3697 758 3771 licet
786 3699 945 3800 expleas:
983 3706 1067 3778 δεινόν
1099 3730 1133 3797 γε
1149 3703 1168 3772 ὅ
1187 3704 1261 3792 μὲν.

227 3820 321 3906 ldie,
341 3825 401 3890 ἐστι
429 3817 459 3889 δὲ
477 3821 582 3905 ἀληθὴς
605 3829 619 3890 ὁ
643 3822 739 3914 λόγος·
762 3817 883 3920 ’ἔμφυτον
904 3834 980 3896 τοῦτο
1000 3839 1055 3904 τοῖς
1073 3823 1260 3906 πὶεετοῦσι,1

226 3968 257 4010 κ.
276 3963 302 4011 τ.
324 3939 355 4010 t.
412 3933 546 4012 Eadem
573 3935 824 4040 particularum
853 3946 885 4039 γὲ
911 3953 947 4016 et
980 3943 1011 4016 δὲ
1037 3937 1239 4014 consecutio

226 4068 281 4163 est
297 4056 338 4134 in
358 4053 442 4158 lph.
465 4055 546 4132 Aul.
571 4083 603 4151 r,
625 4056 712 4157 752.
