2884 4962
601 467 875 543 ...2-

132 701 134 708 ι
254 675 315 776 qui
338 671 536 772 diligentius
554 670 777 765 tractaverint
795 667 1006 760 fatebuntur.
1046 664 1133 770 Spes
1153 667 1259 749 etiam

253 805 328 886 est,
352 817 431 866 eum
450 789 511 890 qui
530 785 681 860 multum
701 789 890 899 versayerit
900 785 1087 886 scriptores
1098 790 1161 890 qui
1174 791 1262 867 Tra.
1385 813 1389 820 ·

250 916 407 1024 gicorum
442 909 545 982 dictis
579 907 780 1010 frequenter
808 919 975 998 utuntur,
1000 905 1259 1010 philosophos,
1317 962 1320 970 -

250 1033 512 1134 grammaticos,
542 1021 723 1128 aliosque,
760 1030 830 1101 iarn
855 1025 957 1098 huius
987 1025 1127 1100 fabulae
1161 1057 1261 1128 argu·

250 1168 389 1244 mento,
415 1163 471 1243 et,
499 1162 540 1222 ut
561 1150 610 1222 ita
630 1146 771 1241 dicam,
790 1146 923 1222 ambitu
940 1146 1064 1221 melius
1099 1155 1261 1252 cognito,

251 1271 406 1345 incidere
429 1294 534 1373 posse
563 1271 601 1341 in
627 1266 703 1340 loca
736 1291 824 1367 qnae
859 1263 1084 1366 probabiliter
1114 1269 1262 1344 adeam

254 1387 428 1479 referant,
452 1401 561 1490 quum
577 1389 799 1488 superiorum
824 1385 1037 1486 diligentiam
1058 1402 1094 1462 et
1112 1413 1264 1470 ,acumen

248 1511 369 1607 fugere
400 1506 601 1581 debuerint.
660 1505 729 1578 Sed
761 1505 847 1579 haec
882 1517 965 1580 sunt
1002 1504 1193 1600 uberioris,
1227 1525 1264 1584 et

252 1629 349 1732 quasi
385 1627 455 1701 iarn
490 1624 625 1700 adultae
656 1625 873 1700 eruditionis.
923 1621 999 1698 Nos
1026 1637 1165 1742 tantum
1195 1631 1264 1704 hoo

253 1749 389 1851 experti
408 1771 548 1834 sumus,
575 1770 618 1816 an
637 1768 681 1816 ex
699 1744 742 1816 iis
763 1768 851 1844 qnae
869 1767 912 1816 ex
934 1743 1151 1820 Phaethonte
1166 1773 1262 1824 nuno

252 1867 426 1942 habemus
454 1865 569 1964 colligi
583 1866 715 1968 possit,
745 1889 916 1967 quaenam
933 1862 1036 1936 fuerit
1050 1863 1153 1940 huius
1173 1863 1278 1940 Tra-⁴

252 1984 396 2086 goediae
429 1983 592 2057 universa
629 1982 770 2076 forma,
806 2005 978 2086 quaenam
1009 1986 1162 2084 partium
1199 1985 1263 2060 da-

248 2104 416 2205 soriptioj
442 2116 482 2176 ut
502 2101 605 2176 etiam
623 2099 690 2174 hoc
715 2103 914 2194 videamus,
941 2126 1011 2204 quo
1036 2102 1123 2174 haec
1135 2106 1264 2204 egregii

252 2224 369 2330 operis
389 2235 565 2324 tamqnam
587 2221 775 2321 fragmenta
796 2221 918 2295 ordine
943 2219 1159 2323 disponenda
1179 2228 1263 2303 sint.

248 2345 413 2421 Versatus
436 2341 544 2417 estin
564 2339 688 2414 eodem
711 2350 939 2440 argumento,
965 2353 1007 2413 ut
1034 2339 1124 2432 scis,
1148 2342 1264 2441 singu*

249 2461 332 2536 laris
347 2463 479 2559 ingenii
501 2462 577 2545 air,
596 2457 787 2550 Goethius,
812 2460 850 2532 in
868 2458 959 2534 libro
975 2462 1033 2535 oni
1052 2462 1193 2538 titulum
1211 2465 1266 2539 fe.

251 2573 301 2657 cit
317 2583 441 2659 Kunst
460 2579 540 2656 und
553 2576 784 2655 Alterthum:
809 2576 879 2652 vol.
890 2579 955 2654 lV.
969 2596 1059 2682 part.
1072 2609 1107 2658 2.
1126 2611 1204 2685 pag.
1215 2585 1262 2677 5,

252 2693 351 2804 seqq.
376 2717 413 2777 et
446 2702 514 2778 v‘ol.
532 2695 599 2772 VI.
635 2712 726 2803 part.
753 2723 782 2773 1.
810 2725 889 2800 pag.
912 2726 983 2804 79,
1008 2711 1104 2804 se‘qq.
1151 2703 1261 2805 Cujus

250 2830 355 2923 opera
377 2815 466 2894 mihi
497 2811 549 2892 uti
572 2844 643 2890 non
674 2829 755 2891 ante
779 2815 894 2918 linuit,
927 2843 1031 2918 quam
1059 2823 1263 2918 perscriptis

240 2939 320 3028 ,tam
337 2938 380 3011 iis
398 2963 484 3038 quae
501 2937 588 3012 mihi
605 2937 650 3011 da
675 2937 741 3009 hac
761 2960 799 3009 ra
815 2935 1082 3010 'verosimillima
1096 2935 1268 3010 nidenan-2

250 3067 321 3132 tur.
367 3055 606 3132 Sed‘iortasse
628 3055 696 3130 hoc
719 3053 843 3128 m'elius
867 3056 935 3128 snit
951 3052 996 3126 ad
1019 3075 1143 3127 verum
1165 3056 1266 3161 inva-¹

250 3171 440 3269 hiandum:
462 3191 580 3250 mente
597 3198 670 3248 non
696 3187 951 3277 praeoccupata
975 3173 1129 3247 inventis
1143 3177 1263 3276 magni

249 3289 342 3383 titt,
361 3277 483 3395 'q‘uiin
507 3295 561 3370 his
584 3296 723 3395 ingenio
751 3277 861 3396 magis
886 3292 1075 3370 indulsisse
1099 3291 1263 3387 videtur,

249 3439 354 3514 quam
382 3430 537 3516 spectato
566 3405 745 3518 Euripidis
775 3417 815 3490 in
846 3415 989 3490 'caeteris
1017 3413 1262 3514 superstitibus

101 3628 103 3640 Ι
131 3604 133 3610 ,
246 3529 378 3608 fabulis*
396 3529 597 3634 digerendis¹
614 3539 780 3631 artificio,
800 3535 958 3640 'quod'in
978 3534 1020 3608 iis
1036 3538 1116 3607 satis
1136 3558 1261 3636 aequa·

246 3653 320 3728 bile
352 3649 388 3728 et
420 3669 580 3728 constans
609 3673 773 3758 apparet,
800 3655 984 3754 diligenter
1010 3653 1104 3755 quod
1133 3679 1255 3732 verum

246 3765 337 3848 esset
367 3769 609 3877 investigasse.
672 3771 796 3875 Neque
823 3783 940 3846 tamen
982 3775 1117 3874 Tragici
1147 3792 1257 3851 artem

246 3891 348 3970 unice
371 3901 543 4000 spectavi3
571 3893 656 4000 sed,
679 3919 760 3966 oum
781 3895 894 3966 omnis
917 3895 1004 3968 mihi
1025 3895 1112 3970 haec
1138 3895 1259 3998 dispu-

245 4008 329 4092 t'atio
347 4031 504 4120 suscepta
524 4029 615 4090 esset
635 4027 676 4089 ut
697 4015 736 4089 in
754 4011 862 4089 literis
884 4013 1027 4090 Graecis
1042 4016 1258 4120 aliquantum

241 4131 472 4239 proficerem,
500 4135 607 4211 etiam
624 4134 682 4210 illa
715 4129 858 4227 addidi,
885 4159 973 4235 quae
1001 4151 1040 4212 nt
1064 4138 1255 4238 orationem
