2884 4962
662 417 915 503 -14-2

277 621 379 700 fenile
397 628 472 704 etat
494 615 774 720 reprehendere,
798 647 872 698 non
894 635 934 700 nt
957 653 977 702 a
1001 653 1039 703 ee
1065 636 1293 744 peol'eolemp

277 743 341 818 aad
360 738 464 815 utel>
486 736 561 814 aliis
580 752 759 840 acceptam
779 743 981 854 protulisse:
1009 753 1104 850 quod
1125 760 1288 866 intelligi.

275 880 333 942 tur
351 889 394 938 ex
418 857 587 964 particula
614 870 662 942 ὡς.
720 860 769 933 Et
792 873 908 938 tamen
932 871 1048 946 minua
1071 873 1204 954 habent
1230 911 1286 972 req

199 1069 201 1076 Α
275 981 519 1086 prehensionis
548 975 776 1051 Phaethontis
807 982 911 1058 verba
932 1015 1039 1090 quam
1064 994 1122 1069 illa
1145 1018 1284 1080 senten·
1360 993 1362 1002 Α

274 1107 323 1178 tia
346 1101 391 1176 ab
411 1094 640 1196 Aristophane
660 1097 779 1206 aculeo
799 1103 946 1182 confixa.
996 1110 1090 1186 Haec
1110 1121 1205 1193 enim
1224 1151 1284 1226 pa.

183 1271 184 1276 =
272 1224 361 1298 triae
379 1219 557 1298 caritatem
580 1215 671 1292 tollit
696 1232 735 1326 et
751 1225 869 1298 omnia
887 1231 1061 1306 commodi
1083 1261 1186 1311 seusu
1210 1267 1283 1316 me·

270 1344 377 1414 titur:
403 1337 460 1411 illa
477 1337 583 1408 etiam
607 1335 657 1409 oie
680 1340 791 1439 accipi
807 1357 940 1441 potest,
959 1363 999 1424 ut
1020 1359 1162 1453 quaevis
1183 1373 1274 1442 terra

272 1461 409 1534 dicatur
433 1460 472 1532 in
497 1456 629 1559 patriae
651 1483 783 1536 nomen
809 1465 950 1558 venire,
980 1474 1086 1547 modo
1117 1481 1284 1576 praebeat

171 1637 172 1644 ,
271 1579 366 1652 unde
389 1580 495 1650 vitam
522 1589 712 1653 sustentare
737 1586 923 1682 possimus.
973 1593 1071 1686 Quae
1097 1598 1184 1674 solet
1205 1629 1281 1684 esee

271 1699 380 1772 oratio
398 1694 688 1798 philosophorum
706 1700 824 1774 exules
843 1708 1123 1810 consolantium,
1150 1735 1204 1811 et,
1229 1750 1277 1798 ne

268 1819 407 1918 inopiae
427 1829 559 1890 terrore
587 1813 833 1912 debilitentur,
859 1820 1110 1926 benignitatem
1133 1833 1279 1913 laudan·

269 1941 357 2015 tium
379 1949 541 2024 naturae,
567 1959 659 2034 quae
673 1935 787 2010 ubivis
806 1938 903 2014 laoile
923 1945 1088 2048 praebeat
1110 1954 1205 2053 quud
1226 1981 1280 2032 sa.

271 2058 315 2130 tis
334 2055 533 2146 sit·homini
551 2054 597 2126 ad
626 2053 828 2134 vivendum.
878 2062 1064 2138 Pertiueut
1084 2065 1155 2140 huo
1176 2072 1282 2170 quin·
1358 2124 1363 2131 -

263 2201 337 2278 qne
357 2170 540 2276 Euripidei
563 2195 682 2248 versuo
704 2199 724 2245 a
744 2174 857 2250 Gellio
876 2178 937 2254 lib.
959 2182 1038 2261 VII.
1064 2211 1144 2285 cap.
1170 2189 1226 2266 16.
1243 2205 1281 2270 et

188 2366 190 2372 ,
266 2291 316 2368 ab
343 2292 418 2368 aliis
444 2307 601 2368 veterum
622 2289 771 2368 laudati:
797 2299 894 2396 (vid.
916 2303 1041 2383 Matth.
1061 2306 1182 2408 fragm.
1205 2310 1279 2390 ino,

267 2412 375 2512 Trag.
397 2427 449 2489 n0.
466 2411 587 2512 XIV.)
990 2431 992 2438 “
1030 2481 1034 2492 .

188 2532 190 2537 ’
415 2528 497 2606 Ἐπεὶ
526 2541 554 2603 τί
572 2535 617 2606 δεῖ
630 2536 756 2628 βροτοῖσι
777 2540 853 2622 πλὴν
877 2547 949 2618 δυοῖν
967 2556 1069 2641 μένω,

420 2661 572 2751 Δήμητρος
591 2664 679 2739 ἀκτῆς
697 2667 832 2751 πώματός
852 2662 1055 2760 θ’·ὐδρηχόου,

411 2777 494 2869 Ιὁίπερ
514 2785 653 2869 πάρεστι,
676 2784 724 2848 καὶ
741 2775 845 2876 πέφυχ’
865 2792 942 2875 ἡμᾶς
957 2795 1089 2883 epipam,

416 2889 455 2967 ὧν
472 2877 522 2964 οὐκ
541 2900 665 2986 ἀπαρκεῖ
682 2903 849 2990 πλησμονή·
876 2903 1011 3000 τρυφῄγέ
1029 2935 1070 2978 τοι

418 3017 514 3086 ἄλλων
532 3016 650 3088 ἐδεστῶν
669 3028 802 3114 μηχανὰς
827 3027 986 3119 θηρεύομεν.
1100 3009 1103 3014 .

261 3159 411 3234 qnorum
436 3128 510 3205 tres'
519 3134 652 3234 priores
675 3135 782 3210 habet
811 3139 990 3215 Musonius
1004 3137 1042 3210 in
1063 3135 1151 3214 diss.
1175 3135 1271 3218 laud.

254 3253 400 3346 ‚Quibus
430 3251 582 3330 libenter
608 3255 767 3331 eamdem
782 3257 1030 3338 ¹Phaethontis
1056 3257 1138 3355 ῥῆσιν
1165 3259 1275 3334 conti·

261 3398 470 3466 nuaremus;
496 3375 559 3448 sed
573 3377 671 3450 video
691 3400 749 3448 eos
772 3403 791 3446 a
812 3377 1004 3451 clarissimo
1030 3364 1111 3451 viro
1126 3377 1271 3468 Geelio,

261 3492 299 3566 in
322 3491 456 3564 Comm.
479 3491 523 3568 de
539 3493 661 3595 Eurip.
687 3495 844 3597 Telepho
866 3526 956 3598 pag.
983 3523 1034 3571 10.
1060 3495 1183 3570 eadem
1202 3497 1274 3569 for-

260 3625 351 3686 tasse
382 3607 634 3711 probabilitatis
672 3621 787 3715 specie
820 3617 865 3690 ad
899 3613 1097 3714 Telephum
1133 3616 1268 3701 referri.

257 3730 348 3822 Sed,
373 3731 539 3804 ut'etiam
554 3729 635 3819 alia,
661 3747 696 3804 te
717 3737 859 3835 quidem
874 3749 913 3808 ut
931 3759 1033 3835 spero
1048 3760 1122 3808 nou
1143 3735 1271 3828 invito,

261 3849 306 3922 ad
327 3849 513 3924 verborum
537 3852 789 3952 proprietatem
815 3853 1072 3928 observandam
1090 3859 1272 3956 pertinen·
1406 3917 1407 3922 η

261 3968 311 4042 tia
341 3973 574 4046 notaverimus
582 4026 600 4062 ,.
626 3973 747 4046 nescio
786 3999 849 4048 cur
877 3975 943 4048 hoc
978 3976 1055 4050 loeo
1083 4003 1156 4050 non
1184 3983 1269 4053 item

260 4083 416 4168 dieamus
456 4085 502 4160 de
533 4094 705 4196 exquisito
746 4117 812 4170 ueu
839 4095 939 4174 verbi
970 4111 1111 4198 πάρεστι,
1145 4093 1270 4196 (quod
