2884 4962
584 521 876 602 ,ιι-42...

253 715 324 800 rid.
350 715 471 823 lragm.
496 711 559 799 Vl.
580 717 728 822 Matth.)

330 893 340 914 ν
398 892 738 926 ··········
764 851 837 950 pubet
854 851 884 925 di
903 865 950 947 μοὶ

395 958 459 1037 ἀλλ’
480 957 552 1048 ὦτος
569 971 597 1037 c'u
616 969 740 1065 φάραγξι
756 982 875 1054 σήπεται
895 984 985 1056 νέκυς.

249 1081 372 1162 Priore
389 1083 465 1158 loco
482 1099 582 1185 putat
602 1087 808 1161 Matthiaeus
837 1087 1044 1186 Clymenam
1075 1081 1191 1170 dicere
1212 1087 1258 1172 de

249 1211 321 1282 suis
345 1206 645 1282 exercitationibus
668 1233 754 1314 quas
784 1221 865 1309 post
896 1220 1045 1310 mortem
1069 1209 1130 1283 filii
1152 1215 1260 1285 omis-

252 1355 332 1404 sura
350 1340 448 1403 esset.
498 1325 567 1402 Sed
583 1329 678 1403 haud
698 1333 770 1404 scio
789 1357 833 1403 an
851 1326 946 1403 nulla
964 1327 1150 1403 mulierum
1164 1355 1263 1433 gym-

249 1453 346 1528 nasia
373 1465 455 1526 nota
492 1452 564 1524 sint
597 1463 735 1551 praeter
761 1447 820 1520 illa
849 1445 1042 1546 puellarum
1070 1453 1260 1526 Laconica.

253 1592 355 1659 rum,
390 1569 619 1645 acerbissimis
651 1567 769 1643 verbis
795 1563 839 1637 ab
858 1563 1025 1661 Euripide
1049 1572 1262 1669 reprehensa

251 1687 290 1761 in
316 1686 486 1761 Androm.
523 1689 599 1789 596
631 1713 732 1791 seqq.
776 1687 825 1758 Et
862 1707 905 1756 ex
932 1679 1111 1760 Plutarchi
1146 1691 1265 1765 verbis

253 1809 381 1883 confici
400 1821 536 1908 potest,
562 1805 608 1881 de
639 1805 765 1908 quibus
791 1799 850 1875 hic
878 1797 1006 1873 dicitur
1031 1802 1265 1883 Phaethontis

251 1941 500 2023 temeptipsum,
528 1948 615 2027 quae
644 1939 685 1998 ut
716 1923 872 1998 dolorem
894 1916 1062 2020 adspectu
1090 1948 1262 2001 renovan-

250 2051 300 2123 tia
319 2050 423 2120 matri
443 2046 523 2119 odio
554 2068 630 2117 esse
660 2043 869 2144 coepissent.
918 2041 1040 2138 Itaque
1063 2042 1259 2140 Heatbius,

252 2191 362 2269 aquo
397 2167 502 2238 etiam
530 2177 584 2236 est
612 2195 658 2260 μοι
689 2164 728 2242 iu
764 2163 834 2232 fine
864 2157 1009 2233 secundi
1035 2185 1177 2256 versus,
1209 2162 1264 2236 lo.

255 2309 361 2377 eum,
384 2311 490 2391 quem
530 2295 684 2358 metrum
712 2281 927 2382 corruptelae
961 2277 1096 2378 arguit,
1128 2281 1270 2383 supple·

252 2410 307 2483 vll
327 2427 403 2504 μισῶ
423 2409 453 2481 δὲ
475 2403 560 2480 τοῦδ’.
584 2447 633 2466 -
658 2400 728 2474 Sed
747 2401 884 2504 polull‚
911 2411 949 2472 ul
976 2398 1103 2497 opinor
1126 2405 1268 2490 δεικτικῶς

255 2525 390 2600 dictum
414 2550 490 2598 esse
516 2525 555 2598 in
586 2523 701 2622 ipsum
726 2548 867 2614 arcum,
891 2521 975 2622 qui,
998 2540 1097 2592 more
1130 2529 1269 2620 tempo·

254 2674 334 2721 rum
361 2646 604 2737 heroicorum,
639 2655 720 2714 ante
756 2640 859 2716 aedes
894 2643 984 2714 fixus
1014 2636 1213 2726 visebatur,
1243 2663 1265 2714 e

253 2763 474 2838 Phaithonte
502 2762 604 2836 alicui
629 2761 707 2835 Deo
742 2775 974 2836 consecratus.
1033 2759 1145 2831 Erant
1166 2759 1267 2834 'euim

255 2894 337 2958 ante
362 2882 465 2958 aedes
488 2885 601 2980 posita
622 2883 777 2955 Deorum
801 2881 1007 2972 simulacra,
1033 2867 1172 2962 Ἀντηκιοι
1190 2883 1267 2986 θεοὶ,
1352 2905 1355 2914 ’

254 3026 404 3103 quorum
426 3014 514 3073 teste
536 2977 710 3100 Hesychio
731 3005 941 3076 mentionem
968 2999 1052 3072 lecit
1078 2995 1264 3098 Euripides

252 3121 292 3196 in
322 3121 515 3221 Meleagro,
540 3119 635 3220 (vid.
659 3119 779 3220 fragm.
805 3122 887 3196 Mel.
906 3117 1048 3220 XXII.)
1072 3129 1108 3192 et
1127 3118 1171 3192 de
1190 3118 1267 3218 qui⁴

251 3238 319 3314 bus
338 3242 443 3315 etiam
464 3241 501 3314 in
519 3238 722 3342 Hippolyto,
746 3264 796 3315 vs.
821 3241 867 3342 73
888 3266 984 3342 seqq.
1009 3253 1045 3312 et
1069 3261 1149 3315 101.
1173 3240 1268 3338 cogi·

252 3359 402 3436 tandum
425 3359 573 3435 videtur.
623 3362 745 3462 Itaque
764 3361 873 3437 rerba
895 3360 1080 3463 Clymenes
1098 3355 1266 3434 videntur

253 3481 377 3556 fuisse:
412 3522 460 3542 -
483 3495 559 3574 μισῶ
594 3482 624 3553 δὲ
657 3473 730 3553 τοῦτ’
762 3486 913 3579 εὐάγκαλον
946 3483 1023 3564 τόξον
1051 3491 1191 3576 κρανείας.
1216 3519 1266 3540 -

252 3597 440 3701 Gymnasia
463 3611 579 3670 autem
607 3599 785 3700 adspicere
815 3597 1005 3700 refugiebat
1036 3611 1149 3674 mater
1170 3597 1266 3702 quod

253 3718 293 3790 in
311 3717 355 3790 iis
373 3714 558 3790 Phaethon
575 3713 742 3790 educatus
765 3733 861 3792 erat:
891 3719 938 3796 cf.
958 3721 1095 3794 Phoeu.
1118 3745 1168 3795 vs.
1188 3717 1263 3794 380

250 3863 348 3940 seqq.
396 3839 509 3910 Locus
526 3833 653 3910 affectu
675 3838 821 3912 omniuo
844 3843 1006 3915 convenit
1025 3841 1108 3914 curu
1125 3834 1264 3915 Admeti

250 3955 403 4058 oratione
425 3959 465 4030 in
481 3954 670 4054 Alcestide:
696 3963 768 4057 (vs.
787 3959 858 4060 962
885 3957 1008 4066 seqq.)

396 4092 455 4160 πῶς
473 4077 530 4174 yaip
549 4081 642 4176 δόμων
657 4073 741 4153 τῶνδ’
762 4087 875 4168 staticus
892 4087 1049 4179 ἀνέξομις·

392 4244 517 4296 t···
542 4251 552 4273 ·
579 4255 589 4275 ·
616 4253 629 4300 ·.
654 4253 705 4302 ·s
727 4247 995 4278 ········
1020 4247 1032 4301 r

1425 1861 1428 1938 l
