2884 4962
586 461 729 555 ¹„bl
780 505 828 546 ,ι

197 683 408 782 quamquam
431 676 474 751 ab
503 690 624 750 eorum
654 657 802 755 consilio
822 687 907 756 euru
935 665 1093 762 adiicere
1108 671 1214 765 'atis'

197 801 284 876 num
308 826 381 873 non
411 814 504 890 erat,
522 801 524 806 ’
541 811 577 870 et
610 797 823 891 arctissime,
853 802 905 874 uti
932 799 1030 880 locus
1059 809 1097 884 in
1124 813 1209 891 cod:

197 920 288 994 Clar.
312 918 462 1018 scriptus
484 923 555 1005 es't,
581 937 661 987 cum
683 915 825 1018 reliquis
852 919 1022 1002 cohaeret.
1074 931 1209 1022 Quaeri

195 1041 303 1111 etiam
322 1051 435 1138 potest
456 1062 498 1108 an
511 1097 513 1102 .
527 1041 648 1132 apciora
667 1043 788 1130 ὀνόματα
810 1037 881 1115 dici
906 1048 1041 1141 possint
1055 1053 1205 1126 nomina

193 1157 350 1232 Deorum
387 1157 514 1254 quibus
558 1154 705 1231 obscure
736 1157 893 1255 ipsorum
928 1164 978 1234 vis
1018 1151 1060 1238 ct'
1082 1175 1218 1244 natura
1267 1258 1270 1263 ¹

191 1277 436 1376 significetur,
473 1273 519 1347 de
554 1301 622 1373 quo
659 1273 865 1348 ltlatthiaeus
904 1280 1097 1390 dubitavit,
1140 1314 1204 1362 uos

194 1394 405 1468 doctioribus
441 1392 669 1492 relinquimus
710 1391 975 1504 disputandum.
1034 1407 1104 1480 sed
1133 1409 1203 1486 hoc

195 1517 343 1591 auserim
373 1511 543 1588 affirmare
572 1507 736 1606 frigidum
764 1535 839 1585 esse
869 1514 964 1592 hunc
999 1525 1129 1598 exitum
1167 1542 1205 1634 et

188 1659 303 1740 paene
333 1630 543 1720 ridiculum,
576 1639 656 1728 post
692 1627 964 1708 turbatissimum
991 1645 1026 1712 et
1062 1619 1205 1744 terroris

190 1757 330 1858 plenam
356 1751 537 1852 Clymenes
556 1749 761 1822 orationem
810 1752 931 1854 Itaque
951 1785 1025 1833 non
1052 1762 1127 1833 sine
1147 1775 1204 1837 ari

191 1885 355 1972 gumento
377 1885 560 1970 putamus,
585 1867 840 1966 interpolatoris
868 1898 1013 1950 manum
1031 1878 1089 1952 hic
1110 1906 1202 1978 gras·

191 2007 301 2068 satam
338 2013 440 2078 esse,
477 1988 691 2084 grammatici
720 1989 868 2081 veteris,
905 1995 961 2068 vel
998 1979 1197 2094 histrionis‚'

191 2113 247 2187 cui
276 2137 363 2216 quae
386 2105 573 2207 Euripides
604 2107 787 2206 scripserat
810 2091 956 2191 obscura
983 2059 1201 2197 viderentur}

187 2225 370 2304 Genuinae
404 2231 595 2326 scripturae
632 2229 774 2326 vestigia
810 2247 942 2306 exstare
986 2218 1174 2310 arbitror
1161 2241 1199 2312 in
1272 2224 1278 2234 ⁵

188 2350 449 2449 'corruptissima
476 2343 688 2418 scholiastae
714 2347 881 2425 lectione
905 2351 999 2452 apud
1026 2379 1131 2456 qoem
1150 2359 1199 2428 οὔ

189 2501 241 2554 τως
262 2471 360 2542 nasci
386 2467 500 2567 potuit
524 2490 566 2536 ex
594 2477 629 2550 ὡς
658 2492 723 2566 pro
758 2474 968 2572 compendio
1002 2476 1197 2580 scripturae

178 2584 328 2679 sabim,
347 2600 383 2659 et
400 2608 465 2688 pro
484 2617 507 2658 ει
501 2579 756 2684 legendum
724 2617 786 2662 ea:
804 2591 850 2662 ita
870 2590 957 2662 hacc
978 2591 1079 2667 fere
1070 2622 1108 2667 in
1123 2597 1199 2672 Eu·

190 2699 303 2810 tipide
322 2705 471 2782 fuerint:
1078 2739 1080 2742 ·

283 2821 504 2924 ὦκαλλιφεῃὲς
520 2823 575 2908 ἥλι’
598 2831 634 2909 ὥς
652 2824 684 2921 μ’
699 2831 846 2912 ἀπώλεσας
867 2835 878 2906 l

186 2937 191 2945 ¹
284 2949 335 3013 καὶ
354 2936 442 3016 τόνδἿ
467 2986 515 3001 -
539 2941 684 3018 Ἀπόλλων
703 2949 740 3028 ὥς
762 2955 797 3018 mi
813 2947 893 3044 γ”εὖ
909 2955 1003 3048 κλῄζει
1016 2957 1139 3048 βρατοῖςὲ
1185 2970 1189 2994 '

185 3059 240 3134 Ut
259 3085 369 3162 quum
387 3059 516 3137 dixerit
534 3065 704 3168 Clymene
722 3071 758 3149 ὥς
776 3065 807 3160 μ’
821 3079 992 3163 ἀπώλεσας,
1018 3073 1126 3147 filiurn
1144 3101 1200 3148 os·

188 3181 333 3269 tendat,
363 3183 496 3280 gravius
524 3187 671 3261 verbum
696 3205 861 3290 quaerat,
888 3216 1004 3292 neque
1027 3191 1199 3271 efficacius

182 3300 369 3376 inveniens
387 3304 432 3378 ad
457 3307 554 3406 prius
580 3305 724 3397 redeat,
759 3307 935 3412 addatque
956 3335 998 3387 ex
1021 3312 1195 3416 interpre—

187 3425 317 3497 tatione
332 3427 486 3501 nominis
507 3425 551 3499 ab
576 3423 784 3500 Archilocho
803 3428 872 3500 iam
892 3428 1081 3502 celebrata:
1104 3436 1198 3531 (vid.

186 3544 295 3618 Macr
327 3541 355 3616 l.
383 3544 442 3641 c.)
480 3549 533 3617 Ut
562 3561 653 3620 certe
680 3546 815 3642 Apollo
838 3559 928 3620 recte
959 3549 1082 3626 diceris
1108 3574 1201 3626 mor·

189 3663 328 3738 mbbus
378 3661 466 3736 Est
455 3689 494 3737 m
517 3663 663 3740 Hecuba
688 3667 763 3764 (vs
789 3691 879 3742 1120
895 3670 917 3768 )
941 3668 1063 3744 similis
1083 3672 1201 3768 locus,

187 3782 249 3855 ubi
270 3779 504 3884 Polymestor:

281 3905 396 3994 Εναᾶιβη
414 3935 452 4000 με
468 3912 518 3978 σὺν
532 3909 630 4004 γυναιξ
614 3909 656 3990 ila
675 3905 885 4010 alfflxlorico

280 4021 406 4100 ἀπώλεσ’
430 4067 478 4086 --
500 4029 550 4098 aiu
568 4027 693 4100 &noted
708 4033 783 4101 atla
800 4037 941 4122 μειζόνως,

232 4145 396 4248 Sequitur
420 4151 562 4221 carmen
592 4146 770 4247 nuptiale,
796 4139 860 4248 (ir.
888 4147 984 4247 Clar.
998 4149 1058 4224 lb<
1077 4149 1201 4226 lierni.

957 4272 1006 4324 fl!
