2884 4962
585 407 839 508 15'5341

198 630 396 709 APXEON:
422 625 569 732 quodsi
591 627 677 732 quid
706 643 778 720 est,
813 631 953 706 fortasse
987 631 1055 736 legi
1078 634 1210 734 debet¹

122 747 127 767 ⁸
196 756 339 859 reliquis
358 763 400 826 ut
419 749 606 824 emendare
628 747 802 824 voluimus
818 753 985 827 servatis:

342 895 406 948 ··¹
414 921 641 947 ·······
667 881 775 966 ruvrr'r

340 991 447 1088 ἄστρον
465 997 545 1090 φίλων
566 986 733 1090 'Amadum

111 1140 115 1149 ·
198 1109 250 1184 Ut
268 1135 290 1182 a
307 1109 421 1184 verbis
444 1117 479 1184 σὺ
499 1117 563 1200 τὸν,
596 1108 704 1182 oratio
726 1105 772 1180 ad
803 1107 1001 1208 Hesperum
1034 1103 1212 1185 conrardi·

197 1237 255 1300 tur
283 1228 381 1326 isque
407 1224 544 1300 dicatur
565 1233 677 1319 βασιλῆ
699 1234 880 1327 supperiores,
914 1225 1009 1320 quod
1029 1231 1104 1302 eius
1127 1245 1207 1304 ortu

199 1344 286 1444 Regi
306 1344 426 1420 licebit
445 1371 608 1446 sponsam
627 1348 667 1420 iu
689 1344 879 1417 thalamum
902 1340 1090 1418 abducere.
1139 1347 1209 1420 Cu·

199 1465 254 1536 ius
278 1465 413 1562 generis
434 1461 602 1542 oruliouis
617 1463 776 1565 exempla
795 1463 933 1535 suntin
955 1467 1069 1562 poe'tis
1085 1467 1213 1540 utrius·

202 1599 274 1686 q'ue
288 1582 448 1682 linguae,
474 1583 681 1684 Sapphone‚
706 1587 749 1658 fr.
770 1584 893 1688 XXII.
910 1583 1020 1658 Wolf.
1044 1600 1080 1659 et
1096 1581 1214 1660 Catul-

197 1699 235 1777 lo
254 1704 293 1777 iu
320 1705 492 1798 eelebrato
516 1703 577 1776 illo
600 1700 833 1804 epithalamio.
883 1698 974 1774 Nota
1007 1717 1124 1778 autem
1159 1717 1212 1782 est

181 1833 243 1914 ,ex
275 1823 442 1924 Virgilio,
472 1825 561 1899 Aen.
578 1821 682 1894 VIII.
707 1817 814 1917 ὅρα,
838 1820 936 1892 stella

216 1985 219 1996 ·
254 1947 374 2034 Quam
392 1945 512 2020 Venus
528 1956 612 2016 ante
634 1941 724 2012 alios
739 1945 915 2012 astrorum
929 1940 1039 2042 diligit
1051 1947 1162 2044 ignes.

204 2059 318 2140 Versu
336 2089 382 2168 27
405 2067 581 2166 denique,
608 2063 646 2133 iu
667 2045 790 2133 eodem
817 2062 972 2132 carmine
982 2093 994 2152 ,>
1018 2059 1155 2134 editur:

342 2185 371 2264 ,d
395 2193 520 2284 μάκαιρ’,
544 2183 722 2275 dumetham
743 2192 850 2274 μείζων
868 2179 912 2254 ἔτ’
935 2186 1039 2272 ὄλβων,

588 2307 618 2386 ’ὂς
644 2309 709 2374 θεὰν
727 2303 879 2383 κηδεύσας.
1096 2341 1103 2394 3

204 2440 292 2525 quse
319 2423 541 2498 Hermannus
563 2422 653 2496 eruit
672 2443 714 2490 ex
734 2413 896 2508 Behkeri,
921 2419 983 2521 qui
1001 2417 1095 2492 solus
1118 2411 1219 2494 huid

203 2541 320 2616 iocum
341 2543 539 2616 describere
550 2539 719 2630 tentavit,
745 2536 918 2627 lectione,
1213 2534 1219 2557 ‘

349 2695 509 2758 ωμακαρων
533 2665 667 2749 βασιλευς
689 2661 918 2753 μειζωνστσλβσς.

203 2779 362 2858 Fortasse
384 2780 586 2878 legendum:
1095 2863 1099 2878 ι

350 2899 374 2974 si
389 2913 489 2997 μάκαρ
516 2893 540 2995 ᾦ
558 2901 672 2994 βροτέου
693 2905 796 2986 μείζων
818 2892 877 2971 ἐστ’
895 2897 981 2986 iidoc

202 3045 246 3092 ex
272 3017 418 3120 Hippol.
454 3043 505 3093 rs.
527 3040 582 3115 19.
610 3055 656 3076 -
682 3012 873 3090 Caeterum
896 3018 954 3091 hic
985 3032 1039 3093 est
1059 3017 1153 3092 locus
1170 3007 1219 3094 ed

204 3162 273 3238 quo
292 3140 476 3228 novimus,
506 3135 764 3212 Phadthoutem
791 3137 831 3209 in
851 3138 917 3212 hac
957 3134 1070 3208 fabula
1101 3135 1217 3210 Deam

205 3255 274 3330 sibi
297 3255 507 3355 desponsam
527 3256 712 3331 habuisse:
739 3279 828 3356 quae
864 3253 926 3330 illa
955 3257 1077 3356 suerit,
1105 3249 1219 3356 quum

202 3378 272 3452 riri
307 3373 496 3452 doctissimi
525 3399 563 3446 se
596 3375 754 3471 ignorare
784 3370 979 3468 fateantur,
1005 3373 1050 3446 de
1074 3394 1115 3446 eo
1143 3375 1220 3447 ceri

204 3509 281 3571 tum
315 3495 402 3598 quid
434 3494 507 3568 diei
537 3517 640 3594 posse
672 3495 728 3570 vix
759 3494 971 3593 sperandum
1012 3505 1085 3564 est
1123 3491 1214 3584 (vid.

204 3615 362 3690 Herm.
351 3644 389 3688 in
407 3610 516 3715 praef
535 3637 600 3712 pag
630 3611 694 3712 6.)
720 3617 787 3690 sed
807 3610 1042 3717 Euripidem
1031 3637 1069 3683 in
1092 3635 1136 3686 eo
1157 3637 1222 3683 ve·

207 3733 288 3804 teris
309 3713 431 3830 podiae
451 3732 689 3804 auctoritatem
716 3749 876 3808 secutum
896 3759 970 3807 esse
993 3755 1035 3802 ex
1060 3729 1218 3804 Hesiodo¹

206 3851 377 3948 suspicari
405 3848 510 3922 lieet.
547 3848 640 3949 apud
675 3853 889 3952 quem,(1n
919 3849 1053 3948 Theog.
1071 3874 1122 3921 vs
1143 3850 1219 3958 988

209 3968 332 4066 seqq.)
362 3965 407 4038 de
443 3968 683 4062 Phaethonte,
718 3970 782 4043 sed
821 3970 975 4112 Aurorae
1010 3983 1046 4042 et
1074 3963 1219 4132 Cephsld

209 4083 309 4182 filio,
330 4087 480 4164 dieitur:
575 4127 578 4134 >
941 4137 945 4144 -
