2884 4962
555 419 797 494 -35-

169 620 339 718 anstinuo
368 614 451 690 solis
490 629 605 692 ortum
642 631 817 718 sequatur.
877 619 1024 712 Quodsi·
1040 623 1179 724 quaeris

170 741 238 816 sub
260 738 396 812 climate
417 733 566 834 Aegypti
597 738 810 834 superioris,
844 737 916 809 sive
947 738 1179 838 Aethiopiae,

170 859 232 936 ubi
260 852 443 930 verisimile
465 867 518 924 est
539 851 690 925 Fabulam
725 853 954 928 Phaethontis
985 871 1102 928 natam
1129 881 1183 928 es-

168 1004 225 1065 se,
249 977 287 1048 iu
307 972 484 1078 quodnam
512 971 594 1042 anni
624 985 765 1071 tempus
790 973 848 1045 hio
873 974 954 1046 sirii
976 989 1071 1048 ortus
1092 974 1182 1048 inei·

169 1094 250 1180 dat,
275 1094 358 1164 satis
379 1090 445 1161 erit
464 1088 646 1186 sphaeram
668 1092 861 1190 inspicere;
888 1090 1020 1164 ridebis
1044 1106 1184 1191 tempus

170 1195 242 1286 lere
270 1231 476 1312 essequam
504 1204 555 1278 sol
585 1206 778 1304 ingreditur
807 1207 902 1282 sidus
930 1211 1182 1286 Geminorum:

171 1332 231 1405 cui
260 1326 366 1402 sideri
392 1323 590 1424 proximum
624 1348 699 1398 osse
722 1326 869 1422 Aurigae
898 1327 1052 1425 siguum,
1078 1353 1184 1427 quem

171 1446 315 1552 quidam
336 1433 595 1518 Phaethontem
626 1465 718 1515 esse
725 1442 844 1534 aiunt,
865 1444 971 1516 etiam
989 1444 1185 1522 notandum

173 1577 241 1641 est.
290 1560 399 1662 Atqui
417 1559 564 1634 mirifice
588 1585 669 1654 οιιιιι
692 1557 747 1635 his
775 1559 940 1642 oonreuit
962 1559 1056 1662 apud
1083 1561 1186 1644 Euri·

170 1682 294 1786 pidem
317 1678 427 1754 oratio
456 1673 546 1750 Solis
566 1673 612 1748 ad
632 1674 769 1758 filiuma

311 1796 426 1872 tert*
410 1825 444 1894 ep
476 1801 547 1866 ἑπτα
541 1794 751 1868 lllw'dou·
735 1826 812 1890 εχωιι.
828 1797 940 1890 δρόμοι.

174 1915 293 1992 Nam
282 1941 320 1986 ιιι
341 1911 403 1986 illo
427 1923 529 1984 motu
557 1935 626 2012 quo
648 1907 701 1982 sol
732 1936 813 1984 oum
842 1922 914 1982 toto
947 1909 1042 1986 eaelo
1061 1912 1188 2015 quovis

176 2032 234 2105 die
266 2007 510 2106 circumfertur
549 2023 732 2127 praeeedit
762 2027 972 2100 Geminos'
961 2055 1000 2105 an
1034 2029 1189 2104 Zodiaco

173 2133 285 2228 Tauri
304 2147 420 2220 sidus·
449 2146 566 2243 itaque
589 2143 804 2234 Phaethonti
833 2145 922 2220 Solis
943 2173 1083 2228 currum
1107 2175 1189 2227 curn

173 2249 404 2343 Geminorum
435 2260 548 2338 sidere
572 2263 742 2334 orientem
774 2266 944 2360 agitatum
971 2268 1063 2342 viam
1088 2266 1187 2366 quasi

170 2378 495 2486 praemonstrabant
520 2376 698 2468 Pleiades,
720 2408 807 2482 quae
831 2396 913 2454 suut
937 2384 973 2455 iu
994 2381 1112 2455 Tauro
1132 2389 1188 2455 in.

173 2505 299 2600 signes.
320 2573 325 2588 ,
349 2501 445 2594 Quae
466 2495 575 2596 igitur
593 2498 730 2587 omnia,
754 2527 865 2598 quum
884 2500 1029 2572 fortasse
1045 2502 1187 2585 nonita
1298 2504 1301 2513 “

174 2619 315 2696 fortuito
343 2615 576 2703 conveniant,
603 2613 691 2686 mihi
722 2642 787 2714 pro
819 2615 970 2694 lectione
1004 2623 1111 2715 Σειρίου
1137 2623 1190 2696 vi-

174 2734 302 2810 dentur
319 2732 391 2809 diei
422 2756 536 2834 posse.
585 2729 654 2826 Sed
679 2731 788 2836 quid,
816 2735 934 2808 sinon
949 2757 1079 2808 nornen
1106 2761 1191 2835 pros

174 2853 292 2956 prium
318 2851 400 2938 fecit
431 2846 640 2949 Euripides:
676 2851 922 2953 (quamquam
948 2852 986 2924 iu
1019 2853 1106 2929 Heo.
1136 2881 1187 2936 rs.

180 2995 286 3046 1102.
310 2970 385 3049 siue
406 2966 514 3042 dubio
540 2980 594 3040 est
619 2967 828 3071 proprium3
855 2969 919 3042 etsi
941 2967 987 3042 do
1006 2971 1087 3070 Iph.
1105 2974 1187 3053 Aul,

174 3113 228 3188 ys.
253 3113 287 3185 7.
317 3113 395 3164 retu
417 3087 589 3164 incertam
618 3084 702 3166 lecit
730 3085 892 3162 Bremius
913 3088 951 3158 in
965 3086 1055 3162 Mus.
1073 3089 1189 3187 Hele.)

176 3217 214 3281 et
230 3203 276 3275 de
310 3204 429 3308 quovis
454 3217 543 3282 astro
571 3200 742 3274 lucidiore
773 3201 889 3278 locum
911 3205 1024 3301 accipi
1054 3204 1193 3282 voluiti

175 3320 270 3398 Nam
300 3329 404 3417 Σείριος
433 3319 530 3393 illam
574 3319 733 3401 omnium
761 3318 1013 3394 lucidissimam
1041 3322 1190 3410 stellam

177 3440 308 3518 eximie
338 3437 428 3528 dici,
455 3438 505 3520 uti
534 3439 640 3514 etiam
666 3443 698 3516 τὸ
721 3437 824 3534 ἄστρον
849 3435 997 3530 dicitur,
1025 3417 1063 3513 iu
1087 3467 1191 3516 usum
1231 3450 1233 3454 ’

181 3555 278 3630 venit
310 3582 420 3656 quum
445 3556 576 3654 origine
608 3563 708 3650 σιίρως
747 3577 879 3652 nomen
901 3555 947 3655 sit
974 3583 1043 3657 quo
1075 3562 1197 3643 omnia

181 3687 271 3746 astra
306 3675 441 3774 possint
468 3671 682 3772 significari:
709 3697 818 3772 quum
848 3674 894 3745 sit
927 3672 1138 3748 adieetivum
1172 3705 1191 3752 a

181 3801 263 3886 σείρ,
288 3791 458 3898 barbarae
488 3790 629 3889 originis
659 3787 744 3864 solis
774 3792 938 3890 nomine3
965 3792 1081 3890 itaque
1096 3793 1195 3894 apud

180 3921 312 3981 veteres
339 3915 462 4009 poetas
478 3907 535 3982 vel
558 3905 706 4016 quodvis
722 3905 857 3986 illustre
878 3907 994 3994 sidus,
1021 3907 1079 3981 vel
1089 3916 1196 3999 etiam

179 4023 290 4108 sotem
312 4028 509 4180 signifieat·
533 4024 606 4108 rid
629 4024 802 4102 Graes?
790 4049 831 4104 an
859 4021 930 4096 lect
949 4025 1047 4196 'lite
1078 4053 1116 4133 P
1108 4033 1195 4131 47
