2884 4962
516 487 571 514 ι-
614 447 667 524 ῙΒ
712 488 764 510 ..-

132 653 321 756 Euripides
333 643 507 724 adhibuit
520 659 577 720 ὐτ
591 645 805 746 significaret
825 643 1016 744 pambil'e'm
1033 672 1153 731 mum,

135 775 255 855 rernm
272 795 358 876 qnae
373 767 587 846 necessariae
604 778 686 838 sunt
708 761 755 836 ad
773 777 940 840 naturam
954 768 1154 850 humanam.

137 890 398 974 sustentandam
413 891 449 988 ,)
474 902 703 984 notamusque
728 882 854 956 eodem
874 885 981 960 modo
1000 890 1149 968 Latinos

137 999 218 1092 usos
231 1041 304 1088 esse
317 993 431 1086 verilis
453 1011 595 1096 adesse,
617 1019 652 1078 et
669 1030 742 1078 non
764 1002 913 1096 abesse,
934 1005 980 1080 de
999 1012 1041 1082 iia
1060 1037 1147 1113 quo.

136 1133 474 1234 rumgcopiasemper
484 1140 622 1230 praesto
635 1137 688 1196 est
700 1179 709 1214 ,
720 1148 835 1223 neque
847 1123 976 1200 deficit.
995 1129 1080 1203 Uno
1092 1156 1148 1210 ex·

140 1257 258 1360 emplo
271 1254 440 1351 defungar
451 1245 616 1348 Virgilii,
642 1248 741 1348 cujus
758 1241 846 1317 haec
868 1246 1005 1320 suntin
1016 1247 1148 1348 Georg.

137 1383 186 1454 11.
211 1377 298 1472 468.

383 1518 575 1547 ......
599 1477 640 1537 ot
653 1461 735 1535 latis
757 1463 1001 1562 otiasundir,

188 1596 407 1692 Speluncae,
432 1592 574 1691 viauae
598 1586 719 1672 [ηοω
742 1596 783 1654 at
796 1583 934 1682 frigida
961 1590 1093 1686 Tempe

183 1717 427 1814 Magnusque
451 1709 580 1800 boum,
606 1731 664 1780 mc
664 1704 845 1808 llesque
813 1703 881 1778 rub
895 1703 1019 1815 arbore
1034 1713 1153 1790 somni

185 1838 272 1910 Non
289 1835 438 1908 absunt.
489 1889 492 1898 ,

187 1971 365 2044 Sermonis
388 1985 505 2044 autem
530 1968 761 2049 Phaethontis
786 1993 867 2042 curn
889 1966 1057 2068 Clymene
1078 1979 1151 2054 exi.

141 2104 299 2182 tus‘est,
316 2103 355 2164 ut
376 2094 446 2166 iam
464 2090 638 2179 diximus,
661 2089 701 2160 in
724 2087 845 2161 codice
867 2087 1165 2172 Claromontano..

76 2253 78 2258 v
138 2211 315 2286 Nimirum
327 2267 338 2302 ,
350 2229 466 2312 'quum
483 2209 686 2284 adolescens
706 2208 919 2284 voluntatem
935 2211 1153 2309 significave-

137 2333 185 2405 rit
205 2319 363 2406 adfsolis
394 2335 522 2432 regiam
549 2331 815 2435 proficiscendi,
841 2341 882 2404 ut
906 2333 1029 2404 matris
1053 2331 1151 2422 dicta

140 2480 247 2555 quam
274 2479 355 2526 vera
387 2458 460 2527 sint
493 2451 668 2551 exploret,
706 2448 856 2522 redeunt
871 2451 1035 2543 domum,
1061 2467 1152 2532 tem·

136 2598 207 2674 pus
230 2585 470 2673 exspectantes
493 2597 561 2674 quo
579 2571 722 2668 Merops
741 2595 761 2640 e
782 2568 890 2644 cubili
905 2572 944 2643 in
964 2571 1149 2672 publicum
1240 2651 1245 2662 ,

139 2691 336 2790 procedat,
359 2689 465 2765 verba
485 2689 531 2762 ad
550 2689 719 2791 populum
738 2689 783 2762 de
802 2690 1036 2768 Phaethontis
1058 2721 1156 2798 nup⁴

110 2839 113 2846 ·
140 2811 200 2882 tiis
221 2811 386 2885 facturus.
434 2811 572 2885 Interea
599 2808 758 2910 procedit
791 2809 919 2884 chorus
934 2813 995 2912 qui
1021 2816 1155 2902 suarna

136 2931 266 3004 simum
285 2955 427 3006 carmen
445 2931 649 3021 intercidit,
668 2928 797 3003 laetum
818 2942 933 3003 ortum
946 2931 1017 3007 diei
1031 2933 1156 3012 dicens

141 3049 188 3121 ad
207 3051 349 3150 nuptias
371 3051 600 3126 Phaethontis
633 3049 810 3126 destinati.
861 3049 978 3140 Tum,
1001 3077 1155 3128 concur-

141 3179 242 3238 rente
286 3166 417 3267 populo
451 3169 498 3244 ad
537 3169 696 3268 regiam,
732 3166 908 3269 prodeunt
944 3171 1083 3273 Merops
1113 3187 1150 3249 et

139 3283 325 3358 Phaethon
351 3311 430 3361 curn
447 3313 634 3389 praecone:
659 3286 808 3386 laciupm
826 3284 1039 3361 audientiam
1056 3317 1155 3394 prae·¹

140 3403 356 3505 co'Meropi,
383 3409 584 3508 nuptiisque
604 3404 806 3479 felicitatem
826 3417 1001 3500 precatur.
1106 3480 1110 3487 ,

187 3524 315 3600 Verba·
333 3525 519 3625 Clymenes
549 3528 587 3600 in
610 3524 678 3597 hoc
714 3523 908 3622 fragmento
932 3525 1095 3606 Clarom.
1111 3533 1152 3626 I,

143 3671 191 3722 vs.
217 3671 247 3720 ι.
266 3672 363 3748 seqq.
378 3645 424 3718 ad
444 3642 555 3717 filium
569 3643 655 3716 haec
685 3643 822 3717 suntin
843 3643 899 3718 ed.
922 3646 1044 3724 Herm.

284 3771 428 3851 Μνησθείς
444 3770 459 3838 ὅ
477 3778 529 3861 μοι’
544 3763 605 3838 ποτ’
621 3760 689 3864 eip’,
715 3761 756 3837 ὅτ’
768 3771 910 3856 εὐνάσθη,
935 3775 1010 3862 θεὸς,

285 3892 369 3961 αὑτοῦ
384 3913 411 3957 τι
407 3889 521 3982 ’χρῄζε
522 3915 545 3971 ις
558 3889 606 3958 iv·
632 3897 707 3985 πέρα
733 3896 791 3985 γὰρ
812 3893 844 3960 οὐ
857 3893 934 3982 θέμις

281 4011 381 4100 λαβεῖν
400 4035 445 4082 σε.

138 4127 328 4230 inquibus
360 4127 522 4228 displicet
553 4121 702 4198 illudtt’
654 4127 843 4212 laudum
868 4124 974 4207 nimis
998 4143 1039 4205 ut
1061 4147 1151 4234 puto
1183 4183 1187 4190 ·
