<?xml version="1.0" encoding="UTF-8"?>
<!DOCTYPE html PUBLIC "-//W3C//DTD XHTML 1.0 Transitional//EN"
    "http://www.w3.org/TR/xhtml1/DTD/xhtml1-transitional.dtd">
<html xmlns="http://www.w3.org/1999/xhtml" xml:lang="en" lang="en">
 <head>
  <title>
</title>
<meta http-equiv="Content-Type" content="text/html;charset=utf-8" />
  <meta name='ocr-system' content='tesseract 3.04.00' />
  <meta name='ocr-capabilities' content='ocr_page ocr_carea ocr_par ocr_line ocrx_word'/>
</head>
<body>
  <div class='ocr_page' id='page_1' title='image "./epistoladeeurip00raugoog_0022.png"; bbox 0 0 2884 4962; ppageno 0'>
   <div class='ocr_carea' id='block_1_1' title="bbox 531 439 788 538">
    <p class='ocr_par' dir='ltr' id='par_1_1' title="bbox 531 439 788 538">
     <span class='ocr_line' id='line_1_1' title="bbox 531 439 788 538; baseline 0 -12"><span class='ocrx_word' id='word_1_1' title='bbox 531 439 788 538; x_wconf 42' lang='grc' dir='ltr'><strong>,τι-νων·</strong></span> 
     </span>
    </p>
   </div>
   <div class='ocr_carea' id='block_1_2' title="bbox 118 643 1279 4233">
    <p class='ocr_par' dir='ltr' id='par_1_2' title="bbox 154 643 1233 1474">
     <span class='ocr_line' id='line_1_2' title="bbox 154 643 1168 778; baseline -0.007 -38"><span class='ocrx_word' id='word_1_2' title='bbox 154 685 242 772; x_wconf 82' lang='lat' dir='ltr'><strong>quus</strong></span> <span class='ocrx_word' id='word_1_3' title='bbox 263 667 313 742; x_wconf 90' lang='lat' dir='ltr'><strong>in</strong></span> <span class='ocrx_word' id='word_1_4' title='bbox 300 651 540 778; x_wconf 70' lang='lat' dir='ltr'>quaestione</span> <span class='ocrx_word' id='word_1_5' title='bbox 559 661 608 736; x_wconf 86' lang='lat' dir='ltr'><strong>de</strong></span> <span class='ocrx_word' id='word_1_6' title='bbox 643 663 765 736; x_wconf 76' lang='lat' dir='ltr'><strong>cnsilio</strong></span> <span class='ocrx_word' id='word_1_7' title='bbox 790 643 967 736; x_wconf 80' lang='lat' dir='ltr'><strong>adhibitos</strong></span> <span class='ocrx_word' id='word_1_8' title='bbox 986 655 1168 744; x_wconf 68' lang='lat' dir='ltr'><strong>sitiemus.¹</strong></span> 
     </span>
     <span class='ocr_line' id='line_1_3' title="bbox 157 771 1172 881; baseline -0.007 -19"><span class='ocrx_word' id='word_1_9' title='bbox 157 785 273 864; x_wconf 84' lang='lat' dir='ltr'><strong>Utro</strong></span> <span class='ocrx_word' id='word_1_10' title='bbox 301 771 475 860; x_wconf 88' lang='lat' dir='ltr'><strong>Musonii</strong></span> <span class='ocrx_word' id='word_1_11' title='bbox 485 782 607 856; x_wconf 88' lang='lat' dir='ltr'><strong>diss.</strong></span> <span class='ocrx_word' id='word_1_12' title='bbox 593 812 633 856; x_wconf 82' lang='grc' dir='ltr'><strong>οτι</strong></span> <span class='ocrx_word' id='word_1_13' title='bbox 655 790 685 862; x_wconf 76' lang='grc' dir='ltr'><strong>οὑ</strong></span> <span class='ocrx_word' id='word_1_14' title='bbox 708 787 829 864; x_wconf 65' lang='lat' dir='ltr'><strong>raeiri</strong></span> <span class='ocrx_word' id='word_1_15' title='bbox 853 792 945 879; x_wconf 51' lang='lat' dir='ltr'><strong>ppei,</strong></span> <span class='ocrx_word' id='word_1_16' title='bbox 973 781 1068 881; x_wconf 90' lang='lat' dir='ltr'><strong>apud</strong></span> <span class='ocrx_word' id='word_1_17' title='bbox 1094 783 1172 854; x_wconf 78' lang='lat' dir='ltr'><strong>Sto·</strong></span> 
     </span>
     <span class='ocr_line' id='line_1_4' title="bbox 159 897 1129 998; baseline -0.014 -13"><span class='ocrx_word' id='word_1_18' title='bbox 159 910 286 986; x_wconf 80' lang='lat' dir='ltr'><strong>basum</strong></span> <span class='ocrx_word' id='word_1_19' title='bbox 306 903 383 978; x_wconf 85' lang='lat' dir='ltr'><strong>eod</strong></span> <span class='ocrx_word' id='word_1_20' title='bbox 400 904 458 977; x_wconf 89' lang='lat' dir='ltr'><strong>tit.</strong></span> <span class='ocrx_word' id='word_1_21' title='bbox 476 898 707 974; x_wconf 84' lang='lat' dir='ltr'><strong>laudantur&#39;t</strong></span> <span class='ocrx_word' id='word_1_22' title='bbox 680 927 692 972; x_wconf 91' lang='lat'>1</span> <span class='ocrx_word' id='word_1_23' title='bbox 693 913 764 971; x_wconf 89' lang='lat' dir='ltr'><strong>tem</strong></span> <span class='ocrx_word' id='word_1_24' title='bbox 786 897 970 998; x_wconf 84' lang='lat' dir='ltr'><strong>Euripidci</strong></span> <span class='ocrx_word' id='word_1_25' title='bbox 987 924 1129 974; x_wconf 83' lang='lat' dir='ltr'><strong>versus.</strong></span> 
     </span>
     <span class='ocr_line' id='line_1_5' title="bbox 166 1025 800 1118; baseline -0.019 -18"><span class='ocrx_word' id='word_1_26' title='bbox 166 1063 173 1072; x_wconf 88' lang='lat'>·</span> <span class='ocrx_word' id='word_1_27' title='bbox 257 1076 260 1084; x_wconf 48' lang='grc' dir='ltr'><em>ι</em></span> <span class='ocrx_word' id='word_1_28' title='bbox 306 1031 383 1109; x_wconf 80' lang='grc' dir='ltr'><strong><em>ἅπας</em></strong></span> <span class='ocrx_word' id='word_1_29' title='bbox 406 1029 458 1118; x_wconf 76' lang='grc' dir='ltr'><strong>μὲν</strong></span> <span class='ocrx_word' id='word_1_30' title='bbox 483 1029 540 1117; x_wconf 76' lang='grc' dir='ltr'><strong>ἀὴρ</strong></span> <span class='ocrx_word' id='word_1_31' title='bbox 556 1025 629 1114; x_wconf 79' lang='grc' dir='ltr'><em>ἀετῷ</em></span> <span class='ocrx_word' id='word_1_32' title='bbox 647 1032 800 1115; x_wconf 76' lang='grc' dir='ltr'><em>περάσιμος</em></span> 
     </span>
     <span class='ocr_line' id='line_1_6' title="bbox 166 1141 1025 1237; baseline -0.005 -21"><span class='ocrx_word' id='word_1_33' title='bbox 166 1181 170 1190; x_wconf 93' lang='lat'><em>·</em></span> <span class='ocrx_word' id='word_1_34' title='bbox 300 1147 402 1216; x_wconf 77' lang='grc' dir='ltr'><em>ἅπασα</em></span> <span class='ocrx_word' id='word_1_35' title='bbox 424 1143 455 1212; x_wconf 77' lang='grc' dir='ltr'><strong>δὲ</strong></span> <span class='ocrx_word' id='word_1_36' title='bbox 476 1143 554 1234; x_wconf 82' lang='grc' dir='ltr'><strong><em>χθὼν</em></strong></span> <span class='ocrx_word' id='word_1_37' title='bbox 569 1141 650 1232; x_wconf 72' lang='grc' dir='ltr'><em>ἀνδρὶ</em></span> <span class='ocrx_word' id='word_1_38' title='bbox 668 1147 785 1234; x_wconf 68' lang='grc' dir='ltr'><em>γενναιῲ</em></span> <span class='ocrx_word' id='word_1_39' title='bbox 803 1147 914 1237; x_wconf 75' lang='grc' dir='ltr'>πατρίς.</span> <span class='ocrx_word' id='word_1_40' title='bbox 1021 1141 1025 1154; x_wconf 82' lang='grc'><strong>’</strong></span> 
     </span>
     <span class='ocr_line' id='line_1_7' title="bbox 162 1253 1233 1368; baseline -0.006 -30"><span class='ocrx_word' id='word_1_41' title='bbox 162 1263 268 1368; x_wconf 77' lang='lat' dir='ltr'><strong>Apud</strong></span> <span class='ocrx_word' id='word_1_42' title='bbox 285 1255 552 1355; x_wconf 81' lang='lat' dir='ltr'><strong>Aristophanem</strong></span> <span class='ocrx_word' id='word_1_43' title='bbox 579 1267 715 1343; x_wconf 87' lang='lat' dir='ltr'><strong>autem,</strong></span> <span class='ocrx_word' id='word_1_44' title='bbox 740 1255 799 1350; x_wconf 88' lang='lat' dir='ltr'><strong>(in</strong></span> <span class='ocrx_word' id='word_1_45' title='bbox 826 1258 954 1350; x_wconf 88' lang='lat' dir='ltr'><strong>Pluto,</strong></span> <span class='ocrx_word' id='word_1_46' title='bbox 979 1283 1029 1332; x_wconf 83' lang='lat' dir='ltr'><strong>vs.</strong></span> <span class='ocrx_word' id='word_1_47' title='bbox 1053 1253 1176 1362; x_wconf 84' lang='lat'><em>1151.)</em></span> <span class='ocrx_word' id='word_1_48' title='bbox 1203 1278 1233 1338; x_wconf 67' lang='lat' dir='ltr'><em>s</em></span> 
     </span>
     <span class='ocr_line' id='line_1_8' title="bbox 164 1361 937 1474; baseline -0.013 -16"><span class='ocrx_word' id='word_1_49' title='bbox 164 1411 248 1460; x_wconf 89' lang='lat' dir='ltr'><strong>cum</strong></span> <span class='ocrx_word' id='word_1_50' title='bbox 257 1380 483 1454; x_wconf 82' lang='lat' dir='ltr'>Mercurium</span> <span class='ocrx_word' id='word_1_51' title='bbox 508 1399 629 1448; x_wconf 89' lang='lat' dir='ltr'><strong>servus</strong></span> <span class='ocrx_word' id='word_1_52' title='bbox 659 1361 937 1474; x_wconf 83' lang='lat' dir='ltr'><strong>interrogaverit.</strong></span> 
     </span>
    </p>

    <p class='ocr_par' dir='ltr' id='par_1_3' title="bbox 143 1496 1012 1724">
     <span class='ocr_line' id='line_1_9' title="bbox 317 1496 1012 1595; baseline -0.001 -23"><span class='ocrx_word' id='word_1_53' title='bbox 317 1531 343 1581; x_wconf 84' lang='grc' dir='ltr'><strong>τι</strong></span> <span class='ocrx_word' id='word_1_54' title='bbox 338 1496 436 1595; x_wconf 64' lang='lat' dir='ltr'><strong>o&#39;s&#39;y’</strong></span> <span class='ocrx_word' id='word_1_55' title='bbox 458 1503 600 1590; x_wconf 77' lang='grc' dir='ltr'><strong>αὐτομολι</strong></span> <span class='ocrx_word' id='word_1_56' title='bbox 571 1510 616 1568; x_wconf 61' lang='lat' dir='ltr'><strong>tiis</strong></span> <span class='ocrx_word' id='word_1_57' title='bbox 635 1507 744 1570; x_wconf 73' lang='grc' dir='ltr'>ἄστεων</span> <span class='ocrx_word' id='word_1_58' title='bbox 768 1496 1012 1588; x_wconf 61' lang='lat' dir='ltr'><strong>elearchiensi,</strong></span> 
     </span>
     <span class='ocr_line' id='line_1_10' title="bbox 143 1616 924 1724; baseline -0.009 -27"><span class='ocrx_word' id='word_1_59' title='bbox 143 1617 145 1622; x_wconf 59' lang='grc'><strong>’</strong></span> <span class='ocrx_word' id='word_1_60' title='bbox 167 1621 353 1724; x_wconf 88' lang='lat' dir='ltr'><strong>respondet</strong></span> <span class='ocrx_word' id='word_1_61' title='bbox 373 1616 565 1690; x_wconf 86' lang='lat' dir='ltr'><strong>Mercurius</strong></span> <span class='ocrx_word' id='word_1_62' title='bbox 586 1619 713 1716; x_wconf 86' lang='lat' dir='ltr'><strong>tragica</strong></span> <span class='ocrx_word' id='word_1_63' title='bbox 737 1621 924 1718; x_wconf 80' lang='lat' dir='ltr'><strong>gravitate:</strong></span> 
     </span>
    </p>

    <p class='ocr_par' dir='ltr' id='par_1_4' title="bbox 118 1735 1279 3478">
     <span class='ocr_line' id='line_1_11' title="bbox 310 1735 1050 1837; baseline -0.004 -25"><span class='ocrx_word' id='word_1_64' title='bbox 310 1747 414 1837; x_wconf 71' lang='grc' dir='ltr'><em>πατρὶς</em></span> <span class='ocrx_word' id='word_1_65' title='bbox 434 1753 492 1836; x_wconf 80' lang='grc' dir='ltr'><strong>γάρ</strong></span> <span class='ocrx_word' id='word_1_66' title='bbox 512 1747 571 1811; x_wconf 83' lang='grc' dir='ltr'><strong><em>ἐστι</em></strong></span> <span class='ocrx_word' id='word_1_67' title='bbox 589 1736 681 1827; x_wconf 52' lang='lat' dir='ltr'><strong>coto,</strong></span> <span class='ocrx_word' id='word_1_68' title='bbox 704 1735 794 1810; x_wconf 70' lang='lat' dir='ltr'><strong>i&#39;v’iiu</strong></span> <span class='ocrx_word' id='word_1_69' title='bbox 815 1749 927 1834; x_wconf 74' lang='grc' dir='ltr'><strong><em>πράττῃ</em></strong></span> <span class='ocrx_word' id='word_1_70' title='bbox 949 1766 990 1820; x_wconf 84' lang='grc' dir='ltr'><strong>τις</strong></span> <span class='ocrx_word' id='word_1_71' title='bbox 1009 1735 1050 1810; x_wconf 80' lang='grc' dir='ltr'><strong>εὖ.</strong></span> 
     </span>
     <span class='ocr_line' id='line_1_12' title="bbox 165 1851 1178 1962; baseline 0.001 -31"><span class='ocrx_word' id='word_1_72' title='bbox 165 1885 274 1962; x_wconf 86' lang='lat' dir='ltr'><strong>quem</strong></span> <span class='ocrx_word' id='word_1_73' title='bbox 294 1883 431 1931; x_wconf 88' lang='lat' dir='ltr'><strong>versum</strong></span> <span class='ocrx_word' id='word_1_74' title='bbox 451 1883 470 1926; x_wconf 88' lang='lat' dir='ltr'><strong>a</strong></span> <span class='ocrx_word' id='word_1_75' title='bbox 492 1852 631 1930; x_wconf 86' lang='lat' dir='ltr'><strong>Teucro</strong></span> <span class='ocrx_word' id='word_1_76' title='bbox 654 1859 692 1928; x_wconf 91' lang='lat' dir='ltr'><strong>iu</strong></span> <span class='ocrx_word' id='word_1_77' title='bbox 715 1855 872 1928; x_wconf 84' lang='lat' dir='ltr'><strong>exsilium</strong></span> <span class='ocrx_word' id='word_1_78' title='bbox 895 1857 1054 1948; x_wconf 86' lang='lat' dir='ltr'><strong>abituro,</strong></span> <span class='ocrx_word' id='word_1_79' title='bbox 1081 1851 1178 1957; x_wconf 78' lang='lat' dir='ltr'><strong>(vid,</strong></span> 
     </span>
     <span class='ocr_line' id='line_1_13' title="bbox 167 1973 1279 2078; baseline 0.001 -25"><span class='ocrx_word' id='word_1_80' title='bbox 167 1981 293 2053; x_wconf 82' lang='lat' dir='ltr'><strong>Horat.</strong></span> <span class='ocrx_word' id='word_1_81' title='bbox 322 1977 438 2052; x_wconf 88' lang='lat' dir='ltr'><strong>Carm.</strong></span> <span class='ocrx_word' id='word_1_82' title='bbox 453 1973 482 2042; x_wconf 94' lang='grc' dir='ltr'><strong>Ι.</strong></span> <span class='ocrx_word' id='word_1_83' title='bbox 509 1995 543 2071; x_wconf 86' lang='lat'><strong>7.</strong></span> <span class='ocrx_word' id='word_1_84' title='bbox 564 1998 624 2045; x_wconf 82' lang='lat' dir='ltr'><strong>ar.</strong></span> <span class='ocrx_word' id='word_1_85' title='bbox 648 2001 763 2078; x_wconf 86' lang='lat' dir='ltr'><strong>seqq.,</strong></span> <span class='ocrx_word' id='word_1_86' title='bbox 777 1976 795 2070; x_wconf 79' lang='grc'><strong>),</strong></span> <span class='ocrx_word' id='word_1_87' title='bbox 815 1975 853 2045; x_wconf 89' lang='lat' dir='ltr'><strong>in</strong></span> <span class='ocrx_word' id='word_1_88' title='bbox 881 1999 984 2046; x_wconf 89' lang='lat' dir='ltr'><strong>scena</strong></span> <span class='ocrx_word' id='word_1_89' title='bbox 1003 1979 1180 2077; x_wconf 87' lang='lat' dir='ltr'><strong>prolatum</strong></span> <span class='ocrx_word' id='word_1_90' title='bbox 1277 1974 1279 1982; x_wconf 72' lang='grc'><strong>’</strong></span> 
     </span>
     <span class='ocr_line' id='line_1_14' title="bbox 167 2085 1182 2196; baseline 0.009 -28"><span class='ocrx_word' id='word_1_91' title='bbox 167 2119 245 2168; x_wconf 81' lang='lat' dir='ltr'><strong>csse</strong></span> <span class='ocrx_word' id='word_1_92' title='bbox 256 2152 266 2187; x_wconf 88' lang='lat'>,</span> <span class='ocrx_word' id='word_1_93' title='bbox 279 2093 419 2168; x_wconf 84' lang='lat' dir='ltr'><strong>videtur</strong></span> <span class='ocrx_word' id='word_1_94' title='bbox 431 2085 546 2191; x_wconf 83' lang='lat' dir='ltr'><strong>colligi</strong></span> <span class='ocrx_word' id='word_1_95' title='bbox 562 2117 663 2194; x_wconf 90' lang='lat' dir='ltr'><strong>posse</strong></span> <span class='ocrx_word' id='word_1_96' title='bbox 683 2119 725 2165; x_wconf 88' lang='lat' dir='ltr'><strong>ex</strong></span> <span class='ocrx_word' id='word_1_97' title='bbox 741 2093 920 2166; x_wconf 86' lang='lat' dir='ltr'><strong>Ciceronis</strong></span> <span class='ocrx_word' id='word_1_98' title='bbox 931 2096 1028 2191; x_wconf 82' lang='lat' dir='ltr'><strong>loce,</strong></span> <span class='ocrx_word' id='word_1_99' title='bbox 1053 2099 1182 2196; x_wconf 89' lang='lat' dir='ltr'><strong>(Tusc.</strong></span> 
     </span>
     <span class='ocr_line' id='line_1_15' title="bbox 165 2213 1184 2312; baseline 0.006 -24"><span class='ocrx_word' id='word_1_100' title='bbox 165 2219 312 2310; x_wconf 81' lang='lat' dir='ltr'><strong>Quaest.</strong></span> <span class='ocrx_word' id='word_1_101' title='bbox 337 2215 384 2289; x_wconf 91' lang='lat' dir='ltr'><strong>V.</strong></span> <span class='ocrx_word' id='word_1_102' title='bbox 406 2213 492 2312; x_wconf 70' lang='lat'><strong>37.)</strong></span> <span class='ocrx_word' id='word_1_103' title='bbox 508 2214 623 2287; x_wconf 77' lang='lat' dir='ltr'><strong>cuius</strong></span> <span class='ocrx_word' id='word_1_104' title='bbox 652 2214 677 2288; x_wconf 90' lang='lat' dir='ltr'><strong>l.</strong></span> <span class='ocrx_word' id='word_1_105' title='bbox 707 2241 737 2288; x_wconf 89' lang='lat' dir='ltr'><strong>c.</strong></span> <span class='ocrx_word' id='word_1_106' title='bbox 763 2215 922 2286; x_wconf 86' lang='lat' dir='ltr'><strong>meminit</strong></span> <span class='ocrx_word' id='word_1_107' title='bbox 946 2219 1184 2294; x_wconf 80' lang='lat' dir='ltr'><strong>Hemsterhu-</strong></span> 
     </span>
     <span class='ocr_line' id='line_1_16' title="bbox 118 2327 1186 2423; baseline 0 -13"><span class='ocrx_word' id='word_1_108' title='bbox 118 2353 128 2364; x_wconf 77' lang='grc'><strong>““</strong></span> <span class='ocrx_word' id='word_1_109' title='bbox 169 2339 254 2411; x_wconf 74' lang='lat' dir='ltr'><strong>sius.</strong></span> <span class='ocrx_word' id='word_1_110' title='bbox 303 2335 396 2410; x_wconf 83' lang='lat' dir='ltr'><strong>Nota</strong></span> <span class='ocrx_word' id='word_1_111' title='bbox 416 2336 509 2404; x_wconf 91' lang='lat' dir='ltr'><strong>enim</strong></span> <span class='ocrx_word' id='word_1_112' title='bbox 533 2347 585 2405; x_wconf 91' lang='lat' dir='ltr'><strong>est</strong></span> <span class='ocrx_word' id='word_1_113' title='bbox 607 2327 749 2408; x_wconf 83' lang='lat' dir='ltr'><strong>Pacuvii</strong></span> <span class='ocrx_word' id='word_1_114' title='bbox 776 2331 935 2423; x_wconf 83' lang='lat' dir='ltr'><strong>Teucer,</strong></span> <span class='ocrx_word' id='word_1_115' title='bbox 967 2335 1108 2410; x_wconf 91' lang='lat' dir='ltr'><strong>illustris</strong></span> <span class='ocrx_word' id='word_1_116' title='bbox 1129 2342 1186 2412; x_wconf 89' lang='lat' dir='ltr'><strong>in·</strong></span> 
     </span>
     <span class='ocr_line' id='line_1_17' title="bbox 170 2445 1184 2558; baseline 0.002 -30"><span class='ocrx_word' id='word_1_117' title='bbox 170 2458 297 2558; x_wconf 86' lang='lat' dir='ltr'><strong>primis</strong></span> <span class='ocrx_word' id='word_1_118' title='bbox 314 2456 353 2526; x_wconf 88' lang='lat' dir='ltr'><strong>in</strong></span> <span class='ocrx_word' id='word_1_119' title='bbox 378 2445 481 2522; x_wconf 79' lang='lat' dir='ltr'><strong>scena</strong></span> <span class='ocrx_word' id='word_1_120' title='bbox 501 2452 622 2526; x_wconf 86' lang='lat' dir='ltr'><strong>Latina</strong></span> <span class='ocrx_word' id='word_1_121' title='bbox 642 2454 781 2541; x_wconf 85' lang='lat' dir='ltr'><strong>fabula,</strong></span> <span class='ocrx_word' id='word_1_122' title='bbox 807 2475 851 2522; x_wconf 89' lang='lat' dir='ltr'><strong>ex</strong></span> <span class='ocrx_word' id='word_1_123' title='bbox 867 2451 1040 2552; x_wconf 89' lang='lat' dir='ltr'><strong>Sophocle</strong></span> <span class='ocrx_word' id='word_1_124' title='bbox 1064 2454 1184 2530; x_wconf 83' lang='lat' dir='ltr'><strong>sortas-</strong></span> 
     </span>
     <span class='ocr_line' id='line_1_18' title="bbox 174 2569 1185 2669; baseline 0 -19"><span class='ocrx_word' id='word_1_125' title='bbox 174 2603 212 2650; x_wconf 85' lang='lat' dir='ltr'><strong>se</strong></span> <span class='ocrx_word' id='word_1_126' title='bbox 248 2575 286 2646; x_wconf 92' lang='lat' dir='ltr'><strong>in</strong></span> <span class='ocrx_word' id='word_1_127' title='bbox 316 2569 436 2643; x_wconf 84' lang='lat' dir='ltr'><strong>multis</strong></span> <span class='ocrx_word' id='word_1_128' title='bbox 473 2594 656 2669; x_wconf 87' lang='lat' dir='ltr'><strong>expressa:</strong></span> <span class='ocrx_word' id='word_1_129' title='bbox 692 2572 765 2664; x_wconf 86' lang='lat' dir='ltr'><strong>(cf.</strong></span> <span class='ocrx_word' id='word_1_130' title='bbox 802 2569 907 2642; x_wconf 89' lang='lat' dir='ltr'><strong>Tusc.</strong></span> <span class='ocrx_word' id='word_1_131' title='bbox 953 2575 1094 2666; x_wconf 89' lang='lat' dir='ltr'><strong>Quaest.</strong></span> <span class='ocrx_word' id='word_1_132' title='bbox 1118 2575 1185 2650; x_wconf 86' lang='lat' dir='ltr'><strong>Ill.</strong></span> 
     </span>
     <span class='ocr_line' id='line_1_19' title="bbox 177 2688 1257 2793; baseline 0 -25"><span class='ocrx_word' id='word_1_133' title='bbox 177 2695 259 2793; x_wconf 83' lang='lat'><strong>29)</strong></span> <span class='ocrx_word' id='word_1_134' title='bbox 285 2705 419 2793; x_wconf 75' lang='lat' dir='ltr'><strong>ex&#39;quc</strong></span> <span class='ocrx_word' id='word_1_135' title='bbox 440 2689 516 2762; x_wconf 90' lang='lat' dir='ltr'><strong>loco</strong></span> <span class='ocrx_word' id='word_1_136' title='bbox 540 2688 775 2788; x_wconf 43' lang='lat' dir='ltr'><strong>intelligitur</strong></span> <span class='ocrx_word' id='word_1_137' title='bbox 791 2711 909 2759; x_wconf 89' lang='lat' dir='ltr'><strong>versus</strong></span> <span class='ocrx_word' id='word_1_138' title='bbox 941 2714 983 2762; x_wconf 88' lang='lat' dir='ltr'><strong>ex</strong></span> <span class='ocrx_word' id='word_1_139' title='bbox 1008 2691 1188 2792; x_wconf 87' lang='lat' dir='ltr'><strong>Sophoclis</strong></span> <span class='ocrx_word' id='word_1_140' title='bbox 1254 2700 1257 2710; x_wconf 85' lang='lat'>&#39;</span> 
     </span>
     <span class='ocr_line' id='line_1_20' title="bbox 125 2805 1187 2912; baseline -0.007 -26"><span class='ocrx_word' id='word_1_141' title='bbox 125 2847 130 2854; x_wconf 78' lang='lat'><em>,</em></span> <span class='ocrx_word' id='word_1_142' title='bbox 176 2814 317 2885; x_wconf 88' lang='lat' dir='ltr'><strong>Teucro</strong></span> <span class='ocrx_word' id='word_1_143' title='bbox 339 2809 401 2912; x_wconf 90' lang='lat' dir='ltr'><strong>qui</strong></span> <span class='ocrx_word' id='word_1_144' title='bbox 422 2821 504 2885; x_wconf 87' lang='lat' dir='ltr'><strong>sunt</strong></span> <span class='ocrx_word' id='word_1_145' title='bbox 522 2807 617 2906; x_wconf 88' lang='lat' dir='ltr'><strong>apud</strong></span> <span class='ocrx_word' id='word_1_146' title='bbox 641 2805 851 2896; x_wconf 85' lang='lat' dir='ltr'><strong>Stobaeum,</strong></span> <span class='ocrx_word' id='word_1_147' title='bbox 876 2807 930 2879; x_wconf 84' lang='lat' dir='ltr'><strong>tit.</strong></span> <span class='ocrx_word' id='word_1_148' title='bbox 955 2806 1105 2910; x_wconf 85' lang='lat' dir='ltr'><strong>CXXII.</strong></span> <span class='ocrx_word' id='word_1_149' title='bbox 1130 2835 1187 2888; x_wconf 85' lang='lat' dir='ltr'><strong>ro.</strong></span> 
     </span>
     <span class='ocr_line' id='line_1_21' title="bbox 175 2923 1190 3030; baseline -0.004 -24"><span class='ocrx_word' id='word_1_150' title='bbox 175 2959 220 3006; x_wconf 85' lang='lat' dir='ltr'><strong>ex</strong></span> <span class='ocrx_word' id='word_1_151' title='bbox 239 2929 436 3004; x_wconf 86' lang='lat' dir='ltr'><strong>Telamonis</strong></span> <span class='ocrx_word' id='word_1_152' title='bbox 455 2951 604 3029; x_wconf 86' lang='lat' dir='ltr'><strong>persona</strong></span> <span class='ocrx_word' id='word_1_153' title='bbox 618 2923 709 2998; x_wconf 90' lang='lat' dir='ltr'><strong>dici·</strong></span> <span class='ocrx_word' id='word_1_154' title='bbox 701 2923 890 3028; x_wconf 87' lang='lat' dir='ltr'><strong>‚duosque</strong></span> <span class='ocrx_word' id='word_1_155' title='bbox 902 2943 1105 3026; x_wconf 87' lang='lat' dir='ltr'><strong>sequentes,</strong></span> <span class='ocrx_word' id='word_1_156' title='bbox 1126 2930 1190 3030; x_wconf 88' lang='lat' dir='ltr'><strong>qui</strong></span> 
     </span>
     <span class='ocr_line' id='line_1_22' title="bbox 175 3043 1186 3165; baseline 0.002 -41"><span class='ocrx_word' id='word_1_157' title='bbox 175 3051 244 3124; x_wconf 88' lang='lat' dir='ltr'><strong>sub</strong></span> <span class='ocrx_word' id='word_1_158' title='bbox 270 3046 455 3165; x_wconf 89' lang='lat' dir='ltr'><strong>Sophoclis</strong></span> <span class='ocrx_word' id='word_1_159' title='bbox 486 3049 631 3156; x_wconf 83' lang='lat' dir='ltr'><strong>nomine</strong></span> <span class='ocrx_word' id='word_1_160' title='bbox 650 3043 854 3147; x_wconf 88' lang='lat' dir='ltr'><strong>simpliciter</strong></span> <span class='ocrx_word' id='word_1_161' title='bbox 880 3043 1059 3144; x_wconf 84' lang='lat' dir='ltr'><strong>leguntur,</strong></span> <span class='ocrx_word' id='word_1_162' title='bbox 1094 3050 1186 3126; x_wconf 79' lang='lat' dir='ltr'><strong>inter</strong></span> 
     </span>
     <span class='ocr_line' id='line_1_23' title="bbox 177 3151 1194 3271; baseline -0.004 -28"><span class='ocrx_word' id='word_1_163' title='bbox 177 3151 378 3244; x_wconf 81' lang='lat' dir='ltr'><strong>Telamonis</strong></span> <span class='ocrx_word' id='word_1_164' title='bbox 397 3181 433 3242; x_wconf 87' lang='lat' dir='ltr'><strong>et</strong></span> <span class='ocrx_word' id='word_1_165' title='bbox 445 3169 536 3242; x_wconf 89' lang='lat' dir='ltr'><strong>Oilei</strong></span> <span class='ocrx_word' id='word_1_166' title='bbox 551 3195 714 3271; x_wconf 82' lang='lat' dir='ltr'><strong>personas</strong></span> <span class='ocrx_word' id='word_1_167' title='bbox 727 3161 937 3239; x_wconf 83' lang='lat' dir='ltr'><strong>dividendos</strong></span> <span class='ocrx_word' id='word_1_168' title='bbox 950 3189 1037 3239; x_wconf 86' lang='lat' dir='ltr'><strong>esse.</strong></span> <span class='ocrx_word' id='word_1_169' title='bbox 1063 3165 1187 3258; x_wconf 88' lang='lat' dir='ltr'><strong>Quod·</strong></span> <span class='ocrx_word' id='word_1_170' title='bbox 1191 3247 1194 3256; x_wconf 30' lang='lat'><strong><em>¹</em></strong></span> 
     </span>
     <span class='ocr_line' id='line_1_24' title="bbox 178 3282 1187 3386; baseline 0 -24"><span class='ocrx_word' id='word_1_171' title='bbox 178 3291 249 3362; x_wconf 89' lang='lat' dir='ltr'><strong>sia</strong></span> <span class='ocrx_word' id='word_1_172' title='bbox 275 3286 447 3386; x_wconf 89' lang='lat' dir='ltr'><strong>Sophocle</strong></span> <span class='ocrx_word' id='word_1_173' title='bbox 476 3289 595 3362; x_wconf 89' lang='lat' dir='ltr'><strong>habuit</strong></span> <span class='ocrx_word' id='word_1_174' title='bbox 614 3285 790 3360; x_wconf 88' lang='lat' dir='ltr'><strong>Pacuvius</strong></span> <span class='ocrx_word' id='word_1_175' title='bbox 810 3282 870 3357; x_wconf 90' lang='lat' dir='ltr'><strong>illa</strong></span> <span class='ocrx_word' id='word_1_176' title='bbox 893 3282 1020 3358; x_wconf 91' lang='lat' dir='ltr'><strong>Teucri</strong></span> <span class='ocrx_word' id='word_1_177' title='bbox 1044 3283 1187 3362; x_wconf 78' lang='lat' dir='ltr'><strong>verbae</strong></span> 
     </span>
     <span class='ocr_line' id='line_1_25' title="bbox 167 3403 524 3478; baseline 0 0"><span class='ocrx_word' id='word_1_178' title='bbox 167 3405 344 3478; x_wconf 70' lang='lat' dir='ltr'><strong>=Cicer0ue</strong></span> <span class='ocrx_word' id='word_1_179' title='bbox 361 3403 524 3478; x_wconf 87' lang='lat' dir='ltr'><strong>laudata:</strong></span> 
     </span>
    </p>

    <p class='ocr_par' dir='ltr' id='par_1_5' title="bbox 213 3509 975 3628">
     <span class='ocr_line' id='line_1_26' title="bbox 213 3509 975 3628; baseline 0.009 -31"><span class='ocrx_word' id='word_1_180' title='bbox 213 3509 217 3517; x_wconf 44' lang='lat'><strong><em>¹</em></strong></span> <span class='ocrx_word' id='word_1_181' title='bbox 324 3527 452 3598; x_wconf 74' lang='lat' dir='ltr'><strong>Patria</strong></span> <span class='ocrx_word' id='word_1_182' title='bbox 483 3542 538 3602; x_wconf 82' lang='lat' dir='ltr'><strong>est</strong></span> <span class='ocrx_word' id='word_1_183' title='bbox 562 3525 766 3628; x_wconf 84' lang='lat' dir='ltr'><strong>ubicunque</strong></span> <span class='ocrx_word' id='word_1_184' title='bbox 789 3541 844 3602; x_wconf 84' lang='lat' dir='ltr'><strong>est</strong></span> <span class='ocrx_word' id='word_1_185' title='bbox 867 3526 975 3618; x_wconf 82' lang='lat' dir='ltr'><strong>bene:</strong></span> 
     </span>
    </p>

    <p class='ocr_par' dir='ltr' id='par_1_6' title="bbox 168 3631 1191 4233">
     <span class='ocr_line' id='line_1_27' title="bbox 170 3631 1191 3749; baseline 0.004 -31"><span class='ocrx_word' id='word_1_186' title='bbox 170 3657 218 3718; x_wconf 91' lang='lat' dir='ltr'><strong>·et</strong></span> <span class='ocrx_word' id='word_1_187' title='bbox 237 3631 419 3746; x_wconf 83' lang='lat' dir='ltr'><strong>Sophoclis</strong></span> <span class='ocrx_word' id='word_1_188' title='bbox 446 3659 498 3717; x_wconf 92' lang='lat' dir='ltr'><strong>est</strong></span> <span class='ocrx_word' id='word_1_189' title='bbox 520 3647 596 3746; x_wconf 89' lang='lat' dir='ltr'><strong>ipse</strong></span> <span class='ocrx_word' id='word_1_190' title='bbox 632 3646 688 3719; x_wconf 92' lang='lat' dir='ltr'><strong>ille</strong></span> <span class='ocrx_word' id='word_1_191' title='bbox 715 3672 833 3723; x_wconf 90' lang='lat' dir='ltr'><strong>versus</strong></span> <span class='ocrx_word' id='word_1_192' title='bbox 870 3677 975 3749; x_wconf 88' lang='lat' dir='ltr'><strong>quem</strong></span> <span class='ocrx_word' id='word_1_193' title='bbox 1008 3675 1080 3721; x_wconf 90' lang='lat' dir='ltr'><strong>non</strong></span> <span class='ocrx_word' id='word_1_194' title='bbox 1108 3649 1191 3722; x_wconf 83' lang='lat' dir='ltr'><strong>sine</strong></span> 
     </span>
     <span class='ocr_line' id='line_1_28' title="bbox 168 3765 1187 3870; baseline 0.007 -33"><span class='ocrx_word' id='word_1_195' title='bbox 168 3791 282 3858; x_wconf 70' lang='lat' dir='ltr'><strong>causa</strong></span> <span class='ocrx_word' id='word_1_196' title='bbox 305 3793 419 3840; x_wconf 89' lang='lat' dir='ltr'><strong>amara</strong></span> <span class='ocrx_word' id='word_1_197' title='bbox 445 3767 603 3840; x_wconf 89' lang='lat' dir='ltr'><strong>irrisione</strong></span> <span class='ocrx_word' id='word_1_198' title='bbox 632 3765 713 3842; x_wconf 90' lang='lat' dir='ltr'><strong>lusit</strong></span> <span class='ocrx_word' id='word_1_199' title='bbox 743 3771 1015 3870; x_wconf 83' lang='lat' dir='ltr'><strong>Aristophanes:</strong></span> <span class='ocrx_word' id='word_1_200' title='bbox 1042 3771 1187 3868; x_wconf 84' lang='lat' dir='ltr'><strong>(quam-</strong></span> 
     </span>
     <span class='ocr_line' id='line_1_29' title="bbox 168 3884 1188 3989; baseline 0.008 -35"><span class='ocrx_word' id='word_1_201' title='bbox 168 3909 286 3982; x_wconf 66' lang='lat' dir='ltr'><strong>‘quam</strong></span> <span class='ocrx_word' id='word_1_202' title='bbox 304 3884 564 3977; x_wconf 81' lang='lat' dir='ltr'><strong>Hernsterhusio</strong></span> <span class='ocrx_word' id='word_1_203' title='bbox 582 3888 791 3989; x_wconf 86' lang='lat' dir='ltr'><strong>Euripideus</strong></span> <span class='ocrx_word' id='word_1_204' title='bbox 812 3890 1040 3988; x_wconf 76' lang='lat' dir='ltr'><strong>videbaturz)</strong></span> <span class='ocrx_word' id='word_1_205' title='bbox 1064 3889 1188 3962; x_wconf 84' lang='lat' dir='ltr'><strong>dicen-</strong></span> 
     </span>
     <span class='ocr_line' id='line_1_30' title="bbox 180 4003 1189 4112; baseline 0.009 -38"><span class='ocrx_word' id='word_1_206' title='bbox 180 4003 266 4076; x_wconf 87' lang='lat' dir='ltr'><strong>dum</strong></span> <span class='ocrx_word' id='word_1_207' title='bbox 280 4017 331 4076; x_wconf 87' lang='lat' dir='ltr'><strong>cst</strong></span> <span class='ocrx_word' id='word_1_208' title='bbox 342 4061 351 4096; x_wconf 86' lang='lat'>‚</span> <span class='ocrx_word' id='word_1_209' title='bbox 364 4003 431 4079; x_wconf 91' lang='lat' dir='ltr'><strong>hoc</strong></span> <span class='ocrx_word' id='word_1_210' title='bbox 445 4003 680 4082; x_wconf 79' lang='lat' dir='ltr'><strong>Phaethontis</strong></span> <span class='ocrx_word' id='word_1_211' title='bbox 696 4009 794 4101; x_wconf 78' lang='lat' dir='ltr'><strong>loco,</strong></span> <span class='ocrx_word' id='word_1_212' title='bbox 819 4011 1007 4084; x_wconf 79' lang='lat' dir='ltr'><strong>cautiorem</strong></span> <span class='ocrx_word' id='word_1_213' title='bbox 1018 4009 1189 4112; x_wconf 89' lang='lat' dir='ltr'><strong>Sophocle</strong></span> 
     </span>
     <span class='ocr_line' id='line_1_31' title="bbox 182 4123 1189 4233; baseline 0.008 -39"><span class='ocrx_word' id='word_1_214' title='bbox 182 4123 285 4201; x_wconf 84' lang='lat' dir='ltr'><strong>fuisse</strong></span> <span class='ocrx_word' id='word_1_215' title='bbox 308 4125 533 4228; x_wconf 79' lang='lat' dir='ltr'><strong>Euripidemt</strong></span> <span class='ocrx_word' id='word_1_216' title='bbox 561 4126 697 4203; x_wconf 79' lang='lat' dir='ltr'><strong>videtur</strong></span> <span class='ocrx_word' id='word_1_217' title='bbox 717 4133 811 4205; x_wconf 87' lang='lat' dir='ltr'><strong>enim</strong></span> <span class='ocrx_word' id='word_1_218' title='bbox 829 4127 1059 4220; x_wconf 87' lang='lat' dir='ltr'><strong>senteutiam,</strong></span> <span class='ocrx_word' id='word_1_219' title='bbox 1077 4152 1189 4233; x_wconf 10' lang='lat' dir='ltr'><strong>*quam</strong></span> 
     </span>
    </p>
   </div>
   <div class='ocr_carea' id='block_1_3' title="bbox 0 0 1464 4962">
    <p class='ocr_par' dir='ltr' id='par_1_7' title="bbox 0 0 1464 4962">
     <span class='ocr_line' id='line_1_32' title="bbox 0 0 1464 4962; baseline 0 0"><span class='ocrx_word' id='word_1_220' title='bbox 0 0 1464 4962; x_wconf 95' lang='lat' dir='ltr'><strong> </strong></span> 
     </span>
    </p>
   </div>
  </div>
 </body>
</html>
