2884 4962
664 381 808 494 ..⁶28
857 455 905 490 -.

278 641 414 694 vorsum
434 617 528 694 enim
551 613 660 690 habet
684 616 731 690 itu
759 617 945 718 scriptumz
974 639 978 648 ·

323 739 445 840 Atque
465 743 502 812 in
525 759 564 810 se
581 761 649 810 suu
658 761 730 835 per
742 740 885 838 vestigio
901 735 1048 814 sotatur
1072 755 1202 814 annot.
1285 823 1288 830 ,

161 867 168 884 ”
273 852 337 930 ubi
359 853 432 932 vid.
453 856 573 954 Intpp.

242 1025 245 1034 ,
278 1074 281 1088 Ι
322 973 391 1048 Sed
410 988 450 1048 ut
484 974 570 1048 haec
595 973 729 1049 incerta
752 991 849 1070 sunt,
876 976 924 1050 ita
949 972 1076 1047 maiore
1100 1001 1183 1048 cum
1202 999 1287 1076 pro·-

271 1091 449 1166 babilitnte
463 1089 634 1164 affirmare
652 1114 854 1192 possumus,
878 1099 916 1170 in
929 1095 1107 1182 ,eiusmodi
1126 1097 1282 1168 carmine

272 1213 390 1290 locum
414 1211 519 1284 fuisse
540 1210 638 1284 cuius
655 1213 818 1285 meminit
834 1212 1005 1310 Diogenes
1021 1216 1137 1288 Latrt.
1151 1217 1197 1288 ΙΙ.
1223 1241 1282 1289 ιο.

273 1331 430 1406 scribens
453 1330 662 1432 Euripidem
682 1343 807 1430 χρυσέαν
823 1337 918 1422 βῶλον
935 1341 1017 1410 εἰπεῖν
1037 1342 1082 1408 τὸν
1097 1341 1171 1419 ἥλων
1193 1339 1283 1433 ἐντῷ

271 1459 415 1527 Φαέθοντι.
454 1452 573 1544 Quum
594 1451 689 1523 enim
707 1451 906 1551 saepissime
917 1435 997 1526 solis
1009 1453 1141 1524 mentio
1157 1453 1196 1524 in
1215 1452 1281 1526 hac

271 1571 388 1650 fabula
413 1573 488 1646 ficri
517 1570 700 1660 debuerit,
734 1570 854 1642 nescio
883 1596 945 1642 cur
977 1585 1118 1671 propter
1152 1573 1279 1670 Dioge-

271 1693 329 1764 nis
348 1689 473 1784 verba,
497 1716 578 1764 cum
599 1687 828 1762 Valckenario
856 1687 923 1784 (in
941 1689 1053 1761 Dietr.
1076 1715 1113 1789 p.
1132 1689 1192 1767 31.
1213 1692 1275 1786 B.)

271 1811 309 1884 in
329 1809 462 1910 prologi
481 1809 621 1900 locum,
647 1835 752 1910 quem
785 1835 891 1909 supra
919 1833 962 1880 ex
986 1808 1158 1881 Strabone
1186 1821 1274 1880 retu·

269 1925 397 2018 limus,
428 1930 542 2000 minus
565 1926 616 2004 ibi
636 1944 754 2030 aptam
777 1927 963 2002 lectionem
991 1927 1197 2018 inferamus;
1224 1925 1279 1998 vel

270 2073 351 2119 cum
372 2046 558 2120 Matthiaeo
584 2048 791 2150 (adfragm.
811 2049 870 2146 Ι.)
895 2047 1085 2143 Diogenem
1107 2045 1278 2118 memoria

268 2162 405 2242 labsum
426 2190 499 2238 esse
517 2169 743 2268 suspicemur.
796 2168 1003 2240 Praesertim
1021 2189 1128 2264 quum
1146 2163 1182 2235 in
1202 2161 1277 2236 loco
1321 2207 1323 2210 >

270 2285 424 2376 Orestis,
447 2285 536 2384 (982
558 2287 695 2389 seqq),
720 2286 847 2388 de'quo
868 2296 967 2383 putat
981 2284 1173 2380 Diogenem
1187 2281 1279 2378 cogi·v

269 2417 358 2478 tasse
379 2403 431 2476 vir
446 2404 678 2497 doctissimus,
703 2429 776 2477 uon
792 2415 917 2502 χρυσέαν
936 2406 1027 2492 βῶλον
1040 2400 1134 2472 dicat
1150 2407 1276 2501 poeta,

268 2523 331 2598 sed
354 2531 470 2598 ἁλύσεσι
499 2513 648 2622 pecteret
682 2534 833 2622 φερομέναν
859 2525 972 2613 tulos:
998 2518 1124 2620 quibus
1155 2545 1273 2592 saxum

268 2644 442 2744 significat
459 2633 546 2716 illud
562 2641 700 2715 Tantali
716 2642 821 2742 capiti
839 2639 1064 2742 impendens,
1090 2640 1184 2738 quod
1195 2637 1270 2711 ead.

268 2763 338 2839 fab.
358 2789 408 2836 vs.
428 2761 464 2836 6.
488 2759 712 2836 memoretur.
748 2763 828 2854 Quo
849 2785 929 2834 saxo
947 2786 990 2832 an
1010 2760 1197 2860 Euripides
1210 2775 1274 2858 per

266 2879 463 2978 allegoriam
486 2879 594 2954 solem
624 2881 858 2970 intellexerit,
894 2900 982 2976 quae
1013 2867 1080 2952 suit
1107 2903 1274 2979 querum·¹

198 3069 207 3089 „
265 2999 348 3074 dam
364 3000 509 3100 opinio,
535 3014 576 3073 ut
598 3003 646 3074 nit
663 3001 887 3088 scholiastes,
908 2995 975 3071 alia
989 2999 1075 3073 haec
1093 3011 1146 3070 est
1168 3023 1273 3099 quae·

264 3118 355 3206 stio;
383 3117 445 3192 sed
466 3116 672 3217 Euripidem
693 3117 787 3191 dicto
811 3119 944 3192 Orestis
970 3116 1046 3190 loco
1071 3115 1178 3190 solem
1195 3143 1271 3190 non

263 3243 442 3316 nominare
460 3243 541 3314 satis
561 3249 616 3308 est
633 3247 673 3308 ut
690 3234 876 3335 probetur,
906 3233 1013 3308 verba
1035 3233 1202 3334 Diogenis
1223 3233 1269 3306 de

262 3356 331 3432 alio
350 3359 499 3461 quodam
519 3358 594 3429 loco
617 3349 818 3452 accipienda
836 3377 921 3427 esse.

312 3474 526 3575 Sequebatur
553 3487 633 3574 post
664 3471 764 3546 chori
791 3498 953 3574 carmen,
989 3500 1062 3548 nou
1090 3463 1210 3550 multis
1230 3482 1269 3550 ut

261 3611 348 3700 puto
366 3591 692 3680 intercedentibus,
716 3591 761 3665 de
783 3591 1013 3666 Phaethontis
1032 3593 1174 3665 interitu
1190 3615 1268 3668 nar·-

174 3711 175 3718 '
260 3719 371 3805 rati0;
398 3735 484 3816 quae
515 3711 622 3785 fiebat
645 3715 720 3784 sine
746 3710 854 3784 dubio
871 3727 1053 3811 praesente
1072 3712 1264 3812 Clymenes

259 3835 353 3908 nosti
384 3836 477 3906 enim
507 3856 643 3905 morem
675 3830 908 3929 Tragoedias,
939 3842 1061 3903 utres
1094 3832 1132 3903 iu
1161 3857 1265 3906 scena

259 3965 446 4026 narrentur
472 3953 533 4045 iis,
568 3973 716 4051 quorum
749 3950 887 4023 animus
908 3948 1057 4023 maxime
1078 3947 1123 4020 ab
1137 3966 1272 4028 eventu

258 4097 443 4176 suspensus
466 4072 521 4146 sit.
570 4068 658 4174 Quis
676 4079 792 4142 autem
813 4066 899 4146 haec
918 4069 1110 4146 narraverit
1123 4069 1268 4170 difficile
