2884 4962
533 409 794 508 ...simu

153 618 335 722 Euripidis
350 608 560 710 Tragoediis
578 609 728 696 tenuisse
749 636 887 686 mecum
910 625 949 685 ut
968 638 1069 714 spero
1082 639 1170 698 sen-1
1236 659 1237 662 π

157 745 243 816 ties:
262 764 344 815 nam
356 761 399 810 ex
409 731 513 807 rebus
524 731 714 830 peregrinis
730 742 833 834 poeta
843 731 1164 832 admirabilium,

159 875 197 936 et
223 856 375 934 hominis
394 865 517 928 natura
539 849 729 950 mai-oribus
754 849 1003 926 sublimitatem
1033 857 1164 953 quaesi·

157 982 234 1066 rit,
255 1003 361 1077 seque
375 967 538 1070 Aeschyli
559 981 600 1041 ut
615 969 752 1074 ridetur
773 969 924 1048 similem
941 997 1015 1048 esse
1036 976 1162 1052 voluitt

160 1110 250 1168 etex
270 1119 353 1168 vera
371 1093 463 1178 vita,
489 1088 595 1165 etiam
620 1087 828 1180 domestica,
853 1104 929 1165 tum
943 1092 1010 1168 alia
1031 1121 1169 1197 expres·

159 1219 227 1305 sit,
251 1228 327 1288 tum
353 1211 516 1313 inprimis
546 1221 685 1280 teneros
713 1209 822 1283 animi
853 1209 1022 1305 affectus,
1053 1228 1169 1288 osten·

87 1353 89 1362 “
162 1333 283 1434 ditque
301 1329 386 1432 quid
410 1332 448 1402 in
476 1355 517 1404 ea
541 1352 622 1406 suae
656 1327 739 1401 artis
776 1342 876 1430 parte
907 1329 1057 1424 valeret,
1081 1357 1169 1434 quae
1288 1315 1291 1318 ¹

97 1533 103 1544 ‚
161 1451 203 1526 in
224 1452 347 1524 animis
373 1448 590 1558 audientium
611 1445 873 1522 commovendis
889 1450 1057 1525 cernitur.
1100 1451 1173 1528 Sed

166 1597 237 1672 quo
256 1572 484 1670 praestantius
507 1569 575 1644 fuit
595 1592 703 1668 opus,
726 1568 854 1669 inquo
877 1567 1086 1642 celebrando
1104 1569 1174 1644 ela·

163 1687 387 1788 boraremus,
412 1713 455 1761 eo
475 1689 584 1787 magis
605 1685 798 1762 verendum
823 1703 876 1764 est
897 1715 944 1764 ne
960 1688 1098 1789 culpam
1119 1703 1174 1762 te·

164 1809 336 1882 meriutis
360 1807 510 1906 effingere
536 1834 609 1881 non
639 1810 834 1907 possimus,
859 1795 921 1908 qui
957 1807 1079 1888 leuiter
1106 1811 1176 1890 for·¹
1252 1841 1257 1867 t

168 1939 257 2000 tasse
274 1941 309 2000 et
327 1929 443 2003 minus
462 1930 576 2030 perite
609 1939 798 2000 tractantes
826 1929 1176 2005 contaminaverimus
1193 1961 1196 1968 ·

169 2063 427 2146 argumentum,
448 2047 543 2151 quod
563 2044 732 2144 elegantia
754 2055 791 2117 et
806 2070 890 2117 vero
909 2047 1058 2120 novitate
1081 2075 1178 2122 sum·

169 2189 245 2238 mos
269 2170 406 2266 ingenio
429 2170 654 2268 doctrinaque
678 2165 771 2238 viros
794 2161 840 2234 ad
861 2161 1112 2264 disputandum
1132 2169 1182 2241 al·

168 2282 274 2359 liciat.
322 2289 371 2359 Et
400 2287 486 2359 mihi
516 2285 657 2388 quidem
692 2284 737 2356 de
764 2281 981 2354 Pha'e'thonte
1009 2283 1180 2358 scribenti

170 2428 274 2504 saepe
292 2403 330 2475 in
358 2417 514 2476 mentem
545 2405 642 2476 venit
670 2399 803 2489 vereri,
824 2424 869 2472 ne
893 2403 967 2500 ipse
987 2399 1053 2474 tibi
1080 2403 1181 2503 quasi
1274 2395 1276 2399 ⁸

171 2524 260 2596 alter
277 2522 419 2623 quidam
433 2520 618 2594 Phaedon
632 2521 787 2610 viderer,
805 2523 865 2619 qui
883 2519 1069 2595 difficilem·
1081 2547 1184 2615 rem,

171 2639 372 2743 multaeque
395 2641 586 2731 cauliculo,
622 2664 825 2740 aggressus,
846 2640 956 2715 multa
989 2641 1207 2730 iuveniliter,

176 2761 373 2836 miscenam.
432 2760 531 2834 Vicit
562 2773 682 2834 tamen
705 2770 746 2830 ut
780 2757 872 2830 hanc
906 2758 1084 2858 epistolam
1109 2787 1185 2834 non

176 2879 410 2963 incideremus
435 2881 617 2980 cogitatio,
643 2877 736 2951 side
759 2891 961 2973 argumento
986 2881 1184 2979 praeclaro,
1232 2910 1233 2914 ¹

175 3013 212 3072 et
229 3026 298 3098 quo
315 3003 420 3074 scires
446 2999 623 3073 meraldo
650 2997 835 3086 delectari,
860 3007 932 3069 ate
960 2996 1006 3070 ad
1031 2997 1187 3072 scriben-

178 3119 269 3197 dum
292 3119 458 3192 invitatus
481 3121 691 3207 tacuissem,
716 3116 803 3190 nihil
828 3117 984 3189 futurum
1009 3119 1105 3219 quod
1128 3144 1187 3192 me

178 3236 332 3334 ignaviae
362 3237 562 3336 turpissima
597 3240 793 3339 suspicione
828 3230 924 3334 apud
950 3244 986 3305 te
1012 3231 1187 3322 liberaret,

177 3357 387 3433 Praesertim
408 3378 515 3453 quum
533 3355 602 3428 iam
623 3354 758 3428 dudum
777 3379 834 3428 mc
854 3353 1053 3428 exhortatus
1068 3380 1186 3449 esses,

177 3492 220 3552 ut
241 3469 381 3577 aliquod
399 3485 488 3545 esset
511 3488 779 3546 monumentum
791 3471 883 3544 illios
897 3470 1005 3545 studii
1020 3532 1029 3566 ,
1046 3506 1116 3580 quo
1134 3503 1190 3552 ve·

181 3609 272 3668 teres
303 3594 444 3680 literas,
469 3590 587 3664 multis
612 3591 915 3686 dissuadentibus,
941 3594 1053 3670 colere
1076 3597 1192 3696 pergi·

140 3763 150 3774 f
185 3739 282 3790 mus:
319 3708 581 3814 praeclaraeque
611 3740 681 3814 qua
710 3739 775 3812 per
807 3713 937 3816 aliquot
970 3743 1077 3790 annos
1103 3741 1189 3790 usus

184 3860 262 3908 sum
278 3835 356 3908 Viri
374 3832 563 3906 Clarissimi
585 3832 685 3906 Batti
711 3834 927 3934 disciplinae.
976 3837 1085 3909 Cuius
1105 3836 1192 3926 riri,

186 3979 292 4053 quem
313 3968 498 4056 postquam
524 3953 563 4025 in
584 3950 806 4027 Academiam
830 3953 938 4044 veni,
961 3951 1032 4026 lere
1048 3952 1194 4027 unicum

184 4073 221 4146 in
245 4069 300 4146 his
317 4074 427 4149 literis
448 4068 554 4148 habui
574 4069 773 4164 doctorem,
801 4087 839 4146 ut
861 4074 935 4154 eius
959 4099 1039 4174 erga
1055 4097 1113 4146 me
1134 4069 1199 4144 ltu·
