2884 4962
654 497 874 575 ·'-‘-8·-

341 739 351 751 ·
451 688 1069 838 ὨκεανοῡΚέρα,(ἰ.ε.ΟΙ7ἰιιειιθ,)
1268 733 1273 763 ι

268 831 272 839 ’
398 819 524 909 πατρις
514 823 570 906 ἴθι,
595 829 738 914 πρόσκεαι

445 945 509 1029 >orm
532 939 639 1027 laste,
665 945 795 1084 upapam,
857 1005 859 1008 .

400 1064 530 1150 σφαγὰς,
553 1054 695 1154 οἶκτράτ
716 1067 836 1154 ἀρκέσαι
853 1071 905 1140 otia
923 1062 1027 1158 δειραῖς
1247 1091 1251 1119 r
1263 1093 1268 1128 t

253 1161 323 1236 sed
344 1167 505 1263 lingenda
535 1191 608 1249 erat
642 1203 741 1250 causa
770 1199 837 1277 qua
865 1177 1036 1279 Clymene
1066 1200 1265 1262 moveretur·

254 1295 295 1354 ut
324 1289 443 1363 mariti·
474 1292 588 1367 edicto
621 1321 693 1369 non
715 1295 991 1398 obtemperaret.
1029 1305 1132 1378 mihi
1145 1323 1262 1381 autem

252 1401 395 1478 hano
386 1412 578 1484 invenisse·
596 1413 764 1489 ridetur·
758 1415 973 1517 Euripides.
1013 1421 1207 1498 Parentut
1240 1451 1265 1499 a

252 1521 396 1631 Merope
426 1531 637 1606 Phaethonti
679 1538 856 1648 nuptiae,
891 1539 1019 1638 quibus
1045 1541 1263 1618 celebrandis

251 1640 326 1741 ipse
350 1645 424 1720 dies
455 1651 552 1724 cuius
582 1651 696 1752 primo
723 1679 825 1728 mane
849 1639 989 1732 fabulae
1018 1655 1117 1732 actio
1136 1659 1262 1762 inoipit

250 1773 305 1832 est
330 1762 546 1844 destinatus:
560 1772 675 1867 (vid.
706 1776 825 1876 fragm.
845 1775 939 1853 Olar.
967 1780 1005 1866 Ι
1045 1777 1262 1856 vs.16.··.·51

251 1897 349 1982 seqq.
370 1883 433 1983 69.
452 1909 548 1989 seqq.
574 1890 696 1966 Herm.
723 1921 770 1964 =
795 1895 851 1985 ll,
876 1921 928 1971 rs.
953 1901 1004 1972 16.
1031 1887 1105 1989 lll,
1131 1925 1178 1976 rs.
1207 1927 1259 1975 ιο.

246 2005 350 2099 seqq.
377 2027 436 2099 29.
463 2027 559 2109 seqq.
589 2009 737 2111 itaut.)
787 2013 926 2090 Fecerit
952 2018 1053 2113 igitur
1083 2013 1194 2116 potita
1212 2017 1260 2094 ob

250 2125 361 2211 'genus
384 2143 553 2218 sponsae
586 2126 714 2226 (quam
739 2159 811 2204 non
833 2135 1034 2227 mortalem,
1060 2135 1122 2210 sed
1145 2138 1257 2210 Deam

245 2253 323 2308 esse
341 2235 566 2336 intelligimus
584 2269 626 2316 ex
644 2247 767 2344 fragm.
792 2251 884 2326 Clar.
906 2257 963 2338 ll
988 2277 1037 2325 vs.
1066 2279 1143 2349 ι7,.
1158 2275 1257 2358 seqq.

254 2357 397 2450 alls,
423 2381 471 2432 vs
486 2385 545 2461 2.7
538 2390 660 2467 seqq.
682 2367 806 2443 Matth.
818 2369 833 2466 )
857 2371 1096 2446 conditionem
1119 2377 1264 2449 aiore&

248 2501 299 2556 me
323 2480 511 2578 repudiari.
564 2483 659 2572 Quid
676 2489 802 2561 enim?
827 2492 921 2566 Deae
939 2493 1160 2569 matrimonio
1180 2495 1257 2568 iun

251 2601 377 2685 otus,
367 2625 443 2699 ipse
465 2602 602 2676 mortali
623 2619 723 2704 patre
738 2623 840 2684 natus
856 2639 964 2686 uxore
979 2614 1110 2702 minor,
1138 2613 1255 2685 abiec-

253 2729 310 2790 tus
323 2717 519 2796 videbitur:
546 2727 641 2824 quod
663 2727 812 2802 Goethio
831 2735 936 2806 etiam
956 2732 1258 2820 animadversum,

251 2831 343 2923 (vid.
367 2834 447 2910 libr.
471 2837 562 2913 laud.
582 2869 660 2940 pag.
681 2849 765 2942 ro.)
789 2851 893 2947 plane
912 2851 1074 2924 convenit
1099 2875 1180 2921 cum
1200 2873 1257 2918 ree

122 2963 127 2973 '
250 2967 352 3050 cepta
372 2959 534 3055 opinione
557 2962 605 3034 de
628 2964 857 3040 Phaethontis
876 2989 1042 3063 persona,
1067 2970 1168 3062 cujus
1191 2990 1253 3038 su·

248 3073 369 3172 perbis
390 3105 460 3150 non
486 3082 602 3158 minus
632 3099 714 3159 nota
733 3113 839 3188 quam
861 3098 919 3157 aut
944 3082 1255 3173 Medeaelerooia,

247 3205 308 3266 aut
324 3195 460 3272 tristitia
480 3199 637 3291 Orestis,
667 3204 773 3276 etiam
794 3204 887 3302 apud
911 3202 1103 3294 Ovidium,
1141 3202 1255 3300 (Met.

244 3309 306 3385 lib.
328 3317 357 3386 I.
382 3318 491 3418 757)
528 3321 761 3429 significatum
795 3321 856 3396 ubi
891 3324 941 3396 sio
975 3321 1019 3396 de
1047 3345 1086 3396 se
1104 3323 1176 3424 ipse
1203 3319 1254 3393 lo·

225 3443 356 3536 'quens
376 3435 631 3514 inducitur:l
597 3441 748 3541 Illeego
767 3435 854 3517 liber·
877 3443 941 3518 Itte
955 3442 1064 3539 fhrooe
1082 3441 1253 3514 -taoui.

244 3553 354 3628 Porro
378 3551 501 3626 lecerit
534 3557 722 3658 Euripides
746 3578 901 3636 secutum
934 3585 1009 3634 esse
1032 3558 1168 3658 apud
1159 3583 1252 3632 rure·

222 3663 328 3748 'nem
350 3700 393 3747 ex
420 3697 460 3745 ea
481 3700 581 3748 causa
611 3699 805 3754 moerorem
827 3682 890 3756 soli
908 3682 1011 3753 matri
1037 3677 1274 3774 animadvery

222 3789 341 3884 ³sum,
373 3791 524 3894 denique
553 3796 736 3872 consilium
755 3802 847 3873 olam
876 3825 897 3872 e
919 3800 1028 3898 patria
1049 3797 1254 3872 eonceden-

221 3913 377 4008 ·di‚‚ne
398 3917 626 4013 apertepatri
645 3919 809 3993 resistens
833 3915 1159 4020 pietatem-laedam
1185 3943 1255 3992 cu-

244 4033 299 4104 ius
321 4031 394 4120 rei,
429 4034 528 4104 utin
555 4037 781 4138 sequentihus
805 4035 989 4126 indicabo,
1013 4049 1119 4126 terme
1139 4033 1253 4136 quod·

246 4149 327 4224 dam
349 4150 535 4254 vestigium
556 4158 595 4230 in
623 4155 698 4230 loco
720 4181 763 4230 ex
798 4155 914 4232 sabula
943 4157 1127 4256 superstite
1151 4177 1252 4257 repe·
