2884 4962
646 420 885 501 -n:...

255 573 471 688 draconun
513 613 706 694 Eridanum
749 623 911 698 nomine
938 632 1081 706 vocasse
1116 628 1280 736 'dicittinj

253 731 506 828 Argumentum
525 755 668 828 ¹nutem,
700 756 741 816 ut
768 745 947 844 inscriptio
978 747 1116 826 fabulae
1147 757 1281 830 oste'nss.

253 845 330 942 dit,
357 851 599 927 estmatalium
623 855 850 937 Phaethontis
879 889 943 964 per
968 863 1149 942 infelicem.
1163 872 1278 948 illum

245 983 290 1041 set
315 999 335 1044 a
361 973 473 1072 poetis
509 973 720 1049 celebratum
755 1006 873 1052 casum
904 988 1044 1082 agnitio
1101 989 1259 1064 Fuerunt

254 1101 371 1164 tamen
395 1091 499 1166 etiam
524 1095 584 1190 qui
606 1095 759 1172 fabulam
795 1101 977 1197 Clymenes
1011 1105 1152 1178 nomine
1177 1107 1274 1180 cele·.

253 1205 417 1282 brarent:
443 1235 540 1284 more
568 1213 703 1316 dequo
729 1219 817 1294 dixit
847 1217 1126 1313 Valckenarius,
1155 1227 1266 1302 Diatr.

254 1349 293 1424 p.
321 1325 378 1402 16.
412 1329 451 1404 C.
501 1333 591 1406 Nam
623 1338 757 1436 primae
790 1352 905 1438 partes
929 1341 968 1414 in
997 1367 1047 1416 ea·
1065 1347 1268 1424 tribuuntur

254 1441 464 1542 Clymenae',
483 1450 685 1552 Nymphae,
709 1459 840 1532 Oceani
851 1457 960 1552 filiae,
980 1465 1119 1538 mortali
1130 1479 1269 1560 tomen,

258 1575 299 1636 ut
335 1564 539 1667 intelligitur
580 1599 624 1646 ex
662 1576 760 1648 chori
805 1577 919 1653 verbis
963 1581 1001 1654 in
1028 1580 1148 1683 fragm.
1187 1572 1293 1658 cta..'

256 1707 344 1757 rom.
361 1685 410 1782 ll.
435 1713 487 1764 vs.
507 1713 566 1787 7ι.
592 1717 689 1792 seqq.
709 1693 923 1771 Hermanni:
952 1702 1098 1802 (Opusc.
1122 1703 1268 1782 roilli.

256 1825 336 1900 pag.
354 1828 374 1902 7
390 1809 530 1910 ⁸²¹7)
577 1807 701 1882 Prodit
725 1810 782 1884 illa
800 1817 906 1916 apud
929 1823 1136 1924 Euripidem
1157 1841 1272 1926 nupta

256 1921 417 2023 Meropi,
446 1924 659 2026 Aethiopum
681 1931 771 2026 regi:
798 1961 882 2009 nam
906 1940 1126 2041 Aethiopiam
1147 1967 1268 2016 scenae

258 2039 378 2116 locum
398 2068 474 2117 esse
502 2044 648 2120 voluisse
669 2051 871 2152 Euripidem
895 2071 991 2156 patet
1019 2085 1060 2130 ex
1088 2061 1269 2136 Strabonis
1345 2101 1346 2114 ν

257 2159 360 2253 loco,
386 2167 468 2266 qui,
502 2193 710 2270 quamquam
740 2173 891 2272 longior,
918 2174 1167 2254 describendus
1193 2196 1268 2275 est,

260 2283 427 2382 quoniam
455 2297 505 2358 et
536 2286 671 2387 prologi
704 2308 838 2392 partem
873 2293 1048 2387 continet,
1085 2307 1123 2368 et
1156 2295 1271 2370 locum
1398 2383 1401 2388 y

147 2403 158 2437 '³
260 2428 385 2478 scenae
404 2403 543 2506 qualem
564 2405 630 2478 sihi
650 2408 790 2485 finxerit
811 2415 999 2516 Euripides
1018 2415 1147 2494 diserte
1168 2417 1272 2515 signi÷

258 2525 353 2598 licat
401 2525 494 2600 Nam
509 2525 547 2598 in
574 2527 700 2627 Geogr.
724 2529 785 2604 lib.
803 2532 831 2606 I.
858 2533 1093 2633 disputatione
1114 2535 1272 2624 instituta

263 2642 309 2715 de
332 2645 520 2720 Homerico
547 2639 618 2721 'illo
654 2677 757 2724 versu
782 2679 852 2754 quo
886 2653 1047 2727 bifariam
1079 2655 1182 2750 divisi
1211 2661 1274 2728 Ae·
1379 2709 1382 2714 -

257 2761 401 2862 ¹thiopes
417 2763 613 2859 dicuntur,
641 2770 763 2843 alii'ad
790 2765 949 2844 occasum
977 2775 1059 2862 siti,
1077 2774 1133 2844 alii
1157 2773 1202 2846 ad
1220 2802 1275 2846 or·

260 2893 341 2954 tum
365 2883 465 2978 solis;
491 2889 594 2960 variis
615 2890 767 2961 excussis
795 2891 997 2976 sententiis,
1023 2889 1115 2960 hanc
1133 2889 1274 2974 tandem

258 3001 493 3079 ethimasius
512 3006 655 3108 probari
670 3005 735 3079 ait:
764 3003 860 3103 (vid.
882 3035 959 3106 pag.
976 3007 1035 3083 58.
1054 3012 1103 3097 t,
1128 3021 1164 3079 ct
1177 3033 1276 3111 seqq,

152 3203 153 3212 ,
265 3121 322 3196 ed.
340 3125 463 3226 1707.)
482 3141 635 3216 veteres,
657 3127 829 3200 ut'omnia
844 3125 888 3196 ad
909 3125 1190 3224 Septentrionem
1206 3131 1274 3208 sita

71 3213 75 3224 ⁹
129 3269 134 3275 ’
263 3243 434 3344 Scythas,
472 3248 518 3320 ad
545 3243 773 3320 Occidentem
799 3245 938 3333 Celtas,
964 3245 1013 3318 sic
1036 3255 1072 3318 τὰ
1094 3257 1277 3350 μεσημβρινὰ

90 3406 92 3413 s
210 3443 211 3454 ,
255 3375 360 3435 -πάντα
386 3368 531 3438 Αἰθιοπίαν
558 3391 709 3443 vocasse.
764 3368 899 3442 Firmat
927 3365 994 3441 hoc
1032 3370 1188 3468 primum
1212 3372 1278 3440 Ae·
1326 3403 1327 3408 ,

255 3479 378 3578 ,schyli
392 3481 469 3554 loco
487 3507 528 3554 ex
541 3486 663 3560 Prom.
683 3488 754 3566 Sol.
773 3489 834 3562 ubi
855 3487 911 3561 ille
927 3501 1174 3562 commemorat
1192 3494 1277 3564 Χαλ-

267 3610 430 3698 κοκέραννόν
464 3633 494 3675 τε
523 3610 589 3703 παρ’
621 3613 751 3704 Ὠκεανῷ
775 3615 877 3702 inponit
896 3618 1086 3706 nautorplpou
1118 3611 1280 3700 Αἰθιόπων,

258 3720 304 3794 ’ἵν’
324 3735 339 3794 ὁ
360 3755 410 3778 ···
434 3722 541 3812 Ἠέλιος
561 3736 615 3800 alei
640 3723 730 3824 χρῶτ’
757 3731 893 3798 ἀθάνατον
909 3765 955 3784 -
978 3733 1091 3820 θερμαῖς
1113 3727 1209 3810 ὕδατος
1233 3773 1282 3790 -

269 3858 399 3935 προχοαῖς
417 3849 572 3915 tonnulae:
597 3869 684 3944 quac
702 3843 746 3917 ad
766 3867 863 3917 suam
884 3843 1086 3943 opinionem
1113 3851 1281 3924 tuendam

253 3960 319 4032 ,oio
342 3957 489 4035 adhibet
511 3961 653 4036 Strabo:
679 3967 823 4064 nap'i'ltoo
839 3974 897 4064 γὰρ
925 3974 956 4039 τὸ
974 3971 1169 4066 μεσημβρινὸν
1193 3977 1282 4069 κλίμα

270 4095 317 4154 τοῦ
334 4079 469 4158 Ὧννανοῠ
497 4092 599 4174 ταύτην
620 4081 686 4187 ripis
711 4091 865 4161 τὸνἬλννν
884 4094 1008 4182 ἴσχοντος
1033 4099 1084 4175 τὴν
1112 4103 1211 4192 χρείαν
1235 4103 1282 4170 καὶ
