2884 4962
597 436 816 518 ..7-

195 644 240 721 de
265 641 370 720 verbo
390 649 492 742 paeto,
516 637 572 716 rel
590 637 696 719 simui
724 640 874 740 quodam
904 641 1063 746 ineptum
1084 647 1129 724 ait
1147 676 1206 726 oo·
1275 642 1277 650 ’

195 767 312 865 gitare.
349 759 538 862 Participio
569 762 675 834 etism
703 763 815 842 utitur
832 763 877 838 de
892 791 931 838 se
961 768 1039 868 ipsa
1056 765 1202 872 loquens

192 883 460 972 Andromache,
494 880 533 953 in
559 881 768 978 cognomine
793 880 909 956 fabula
926 909 977 960 vs.
998 889 1034 978 4.
1086 891 1205 966 caete.

191 1031 272 1078 rum
294 1005 445 1084 Αἰθιοπιθος
466 1018 518 1098 γῆς
540 1001 685 1073 nornine
709 999 911 1102 designatur
935 1004 1040 1078 etiam
1059 1003 1201 1082 Aethio-
1323 1033 1326 1038 ·

192 1123 252 1222 pia
282 1122 320 1194 in
337 1121 458 1218 fragm.
480 1115 647 1194 Archelai
678 1118 728 1210 ΙΙ.
758 1118 817 1194 ed.
840 1119 970 1197 Matth.
995 1138 1032 1198 et
1061 1128 1102 1203 iu
1136 1134 1207 1206 Ae.

191 1238 304 1338 schyti
326 1239 427 1327 loco,
449 1265 555 1340 quern
579 1264 662 1315 oum
683 1237 876 1339 Euripideo
900 1239 959 1316 illo
976 1249 1125 1320 servavit
1144 1275 1204 1329 au·

88 1457 92 1464 Ι
194 1375 272 1436 otor
306 1358 489 1435 arumde
515 1356 587 1434 Nili
616 1355 705 1432 incr.
738 1357 904 1446 inedita
928 1361 1064 1438 Herod.
1084 1365 1204 1448 Wess.

192 1477 340 1576 p21788.
463 1506 465 1517 >

78 1595 85 1612 ’
242 1595 454 1695 Aethiopum
476 1591 581 1693 igitur
599 1597 708 1694 regis,
733 1597 798 1690 (ut
823 1596 894 1670 huc
922 1598 1110 1704 redeam.)
1133 1608 1204 1700 Mes

189 1719 309 1818 rupis,
342 1715 601 1816 Clymenacque
635 1717 727 1792 filius
751 1741 825 1794 esso
855 1730 997 1817 putatur
1026 1721 1066 1799 in
1087 1722 1204 1813 sabula

190 1833 382 1936 Euripiden
397 1833 596 1909 Phaethon.
645 1837 793 1910 Petatur
817 1835 984 1936 quidem,¹
1008 1864 1090 1912 narn
1121 1842 1204 1940 Cly*

192 1982 295 2034 mone
317 1956 385 2032 sibi
410 1955 549 2028 conscia
573 1965 625 2026 est
658 1979 741 2040 eum
782 1978 825 2028 ex
859 1954 988 2028 furtivo
1016 1979 1097 2033 cum
1127 1961 1206 2054 Sole

193 2075 384 2154 concubitu
408 2098 481 2148 esse
510 2085 647 2146 natum.
695 2072 815 2148 Etiam
844 2074 985 2174 Merops
1007 2101 1109 2152 suum
1129 2103 1205 2157 esse

192 2211 311 2287 retur,
334 2209 379 2272 ut·
392 2194 539 2270 eiulatus
570 2189 744 2284 ostendit,
770 2217 876 2293 quem
903 2196 977 2273 edit
1002 2197 1207 2294 Phaethon·

190 2319 240 2391 tis
256 2329 369 2390 morte
398 2326 600 2413 comperta:
625 2311 768 2410 (fragm.
796 2313 888 2391 Clar-
906 2315 964 2406 II,
989 2340 1038 2390 vs.
1054 2315 1118 2414 75.
1142 2344 1203 2418 77.

191 2437 317 2510 Herm.
336 2457 379 2502 z
398 2433 453 2520 V,
480 2459 531 2506 vs.
550 2432 612 2523 34.
636 2431 697 2505 36.
738 2432 883 2530 Matth.)
935 2434 1087 2528 Quodsi
1111 2437 1204 2529 bene

191 2552 402 2628 coniicimns
435 2533 628 2648 Euripides
655 2547 741 2620 hacc
772 2550 906 2624 tabulae
933 2567 1206 2651 praestruxerat:

189 2671 377 2768 Meropem
392 2667 507 2742 ultimi
534 2667 696 2768 supplicii
716 2680 814 2746 metu
833 2671 1012 2768 proposito
1035 2671 1205 2774 uetuisse,

188 2813 242 2860 ne
269 2787 434 2886 Clymene
469 2785 516 2860 de
551 2786 624 2863 itta·
644 2813 689 2860 ex
719 2788 798 2861 Sole
827 2790 959 2888 origine
996 2789 1208 2881 Phaethonti

186 2906 384 3009 quidquam
397 2919 576 2996 narraret,
602 2921 781 2982 serentem
804 2933 851 2980 ne
878 2908 1015 2984 iuvenis
1037 2908 1104 2986 hao
1130 2916 1208 3013 opi·

192 3027 302 3098 nione
319 3023 485 3102 imbutus·
509 3025 590 3126 plus
616 3053 722 3127 quam
749 3025 911 3103 mortalia
936 3025 1147 3120 adfectaret,
1172 3045 1210 3105 et
1350 3059 1354 3068 ·

194 3145 299 3215 sicin
322 3167 452 3242 poenas
471 3146 666 3234 incurreret
688 3144 835 3230 divinas.
885 3143 1097 3234 Nititprilla
1122 3165 1219 3244 con-t

193 3263 328 3335 iectura
357 3261 476 3337 verbis
495 3263 681 3362 fragmenti
699 3261 790 3338 Clar.
822 3262 881 3352 ΙΙ,
907 3287 960 3334 vs.
986 3289 1067 3348 ιτ
1085 3293 1137 3345 ro.
1162 3298 1206 3347 a:

191 3380 265 3470 JV,
296 3403 443 3452 1-10.
463 3378 591 3452 Matth.
619 3379 749 3478 quibus
765 3380 953 3455 maximum
974 3383 1134 3462 timorem
1157 3415 1212 3484 op·

192 3497 308 3572 tendit
333 3497 523 3596 Clymene,
545 3524 592 3572 ne
611 3495 840 3587 Phaethontis
860 3523 1008 3602 corpus,
1035 3507 1132 3608 quod
1148 3510 1215 3600 ful.

194 3619 290 3692 mine
317 3629 446 3694 tautum
465 3643 539 3694 esse
562 3631 657 3694 certa
693 3617 822 3706 indicia
849 3619 1025 3718 produnt,
1063 3627 1210 3725 maritus

177 3737 334 3812 -ddeatz
367 3751 409 3814 et
433 3738 501 3813 'rtis
527 3763 615 3839 quae
647 3738 743 3815 cauit
769 3737 918 3832 chorus,
948 3742 1096 3842 (fragm.
1117 3747 1209 3830 Clar,

175 3856 253 3948 ΙΙΙ,
287 3879 337 3932 vr.
360 3883 420 3959 7¹·
456 3883 551 3959 seqq.
604 3859 728 3934 Herm.
767 3885 810 3928 z:
847 3859 908 3948 V,
939 3884 988 3932 vs.
1016 3863 1081 3942 3ο.
1110 3842 1209 3972 seqq.

177 3973 343 4073 ·Matth.)
363 3999 475 4078 quutu
499 3975 538 4054 id
562 3977 701 4067 iamiam
715 3979 889 4082 aMerope
904 3995 1084 4085 repertum
1097 3985 1147 4060 iri
1161 3989 1216 4062 in·

201 4091 340 4194 telligitt,
386 4167 391 4174 .
1119 4109 1121 4111 ’
