2884 4962
627 481 676 529 -·.’
725 460 775 542 54
821 487 875 532 ...’

238 657 395 768 'Appodlra
418 700 463 722 ι·
488 668 638 798 supplere
655 694 704 717 ·-
719 669 809 764 ἀρχὸν
830 670 907 766 plor
925 663 1092 804 Ἀσρσᾱτσι
1136 655 1253 746 Vitari

241 783 312 872 hoc
332 793 451 886 potest
470 781 500 855 si
523 782 572 854 sic
590 779 757 882 legimus.

611 933 647 974 συ
663 935 709 977 TW
731 921 821 1002 μέγαν

340 1028 420 1108 τᾶςδσ
443 1029 546 1106 πόλεως
567 1025 674 1112 βασιὶῆ
695 1027 878 1122 suppinus,
899 1017 979 1122 (vel
995 1031 1099 1162 ruppe&
1099 1021 1174 1125 'sil

341 1157 555 1243 ἀστερωπσῒσιν
552 1143 668 1236 δόμοισι
692 1153 799 1238 χρυσέη

246 1279 248 1286 ’
435 1269 525 1363 ἀρχὸν
549 1267 624 1362 φιΊσν
647 1255 812 1359 Αφρσδίτσι.

242 1381 287 1456 In
317 1381 437 1455 codice
471 1379 618 1454 totidem
641 1378 751 1456 literis
775 1394 830 1455 est
853 1413 1009 1481 χρισειηι,
1028 1379 1092 1454 ubi
1113 1387 1147 1456 N
1164 1379 1256 1457 mihi

243 1489 333 1580 nihil
359 1499 454 1575 aliud
473 1501 611 1575 videtur
630 1529 736 1601 quam
754 1501 853 1576 lile'ra
871 1509 904 1576 ll
920 1529 940 1575 a
960 1501 1104 1576 librario
1125 1515 1256 1574 temere

242 1623 420 1722 repetita:
450 1619 535 1694 vide
569 1623 683 1696 simile
728 1633 913 1722 peecatum
931 1617 984 1696 in
1017 1649 1133 1725 apogr.
1168 1625 1258 1705 nas.

238 1738 315 1818 iub.
339 1739 402 1814 IV.
426 1767 476 1816 vs,
496 1739 533 1815 6.
582 1739 692 1814 Verbi
715 1748 881 1840 suppetisse,
907 1742 960 1813 uli
981 1741 1093 1817 edidit
1111 1745 1257 1836 Herm„

158 1914 160 1918 .
243 1853 391 1936 extremi
414 1861 538 1935 ductus
561 1861 619 1934 rix
637 1873 783 1962 possunt
799 1858 870 1956 legi
885 1862 922 1931 iu
939 1859 1073 1934 codice.
1122 1860 1260 1936 Belle·

243 1983 304 2055 ‘rus
327 1980 465 2080 legebat
495 1987 682 2080 νυμφεὺετσιι,
707 1975 769 2050 sed
801 1979 839 2052 in
862 2005 982 2078 apogr.
1001 1979 1095 2057 ‘Has
1123 1969 1254 2078 syllaba
1335 2053 1341 2067 ‚

242 2085 292 2203 {cae
312 2126 403 2201 pene
426 2091 606 2169 obliterata
620 2108 695 2181 est,
715 2111 755 2168 ut
768 2092 857 2173 milii
878 2101 1036 2174 videatur
1058 2133 1082 2175 ω
1103 2127 1178 2178 esse
1195 2125 1257 2204 po·

243 2221 361 2292 luisse.
422 2216 572 2292 Facilius
601 2215 747 2288 sortasse
779 2233 870 2292 esset
907 2220 1046 2294 dehoc
1073 2222 1150 2296 looo
1181 2251 1260 2300 sen-

243 2328 391 2415 'tentiam
413 2337 550 2425 dicere,
566 2335 598 2408 si
618 2334 719 2408 verbi
743 2337 781 2408 in
800 2339 942 2437 stropha
961 2339 1088 2439 posili,
1113 2341 1258 2416 cui‘hoc
1305 2325 1309 2339 ¹

243 2455 451 2558 respondet,
489 2469 583 2530 certa
616 2469 707 2529 esset
737 2459 927 2558 scriptura3
960 2456 1024 2531 sed
1047 2457 1101 2531 ibi
1122 2457 1256 2534 editum

244 2573 411 2680 quidem
407 2587 480 2664 est,

245 2812 419 2888 'verumin
442 2835 557 2912 apogr
578 2813 661 2887 H'as
673 2827 812 2888 nonest
831 2811 1260 2910 αειδσμσισσᾶΕΙΔΟΜΕΝ,

243 2918 290 3009 ³ut
309 2930 405 3003 aliud
419 2929 506 3031 quid
537 2927 586 3002 ibi
613 2937 723 3030 possit
744 2933 872 3006 latere:
898 2935 986 3022 sorte
1017 2938 1152 3030 εἰδιᾲιην,
1179 2935 1204 3006 i.
1225 2957 1257 3008 ο.

243 3039 321 3127 ’σου
348 3047 453 3124 modo
481 3043 651 3134 uideam,
690 3050 752 3123 sed
782 3055 982 3146 praesentis
1014 3075 1148 3128 numen
1181 3076 1261 3126 sen-

246 3162 368 3246 tiam.'
396 3165 503 3239 Cuius
533 3163 629 3237 verbi
655 3170 695 3241 in
722 3169 844 3244 eadem
883 3173 1133 3269 significatione
1167 3173 1262 3246 aliud

248 3289 447 3390 exemplum
469 3285 698 3360 videturesse
716 3279 1000 3390 ‘apud'Theogn
1024 3321 1077 3368 rs.
1104 3317 1159 3366 12.
1179 3291 1263 3384 ubi,

247 3437 314 3516 pro
339 3409 429 3506 vulg.
452 3417 565 3494 εἴσατο,
592 3395 629 3478 ili
659 3409 795 3508 optimo
817 3421 853 3481 et
878 3411 1119 3511 antiquissimo
1140 3411 1259 3485 codice

246 3529 440 3608 Mutinensi
481 3524 657 3598 Bellerus
697 3525 830 3601 invenit
861 3533 981 3618 elnon,
1018 3529 1121 3601 otiam
1152 3527 1260 3628 glossa

243 3650 422 3769 adscripta
456 3649 637 3746 cognovit.
698 3645 742 3715 In
779 3641 892 3716 verbis
926 3661 1042 3719 autem
1073 3655 1231 3745 anteparta
1219 3681 1261 3721 σι

244 3780 374 3876 δόμοισι
399 3761 495 3868 quod
524 3791 581 3836 me
608 3763 737 3836 Bakius
769 3765 926 3855 monuit,
954 3767 1082 3841 chorus
1109 3767 1258 3840 obscure

243 3903 368 3998 potum
386 3881 577 3986 significat,
600 3878 881 3978 Phaethontem,
903 3889 1007 3960 cuius
1022 3898 1171 3959 mortem
1187 3911 1259 3960 non

242 3982 399 4128 ignorat,
430 4011 466 4081 iu
501 4003 649 4081 coelum
666 4019 846 4105 receptum
863 4029 949 4081 esse.
999 4007 1122 4108 Neque
1139 4003 1258 4079 tamen

243 4107 636 4236 praetermittendum
622 4153 677 4203 rn
695 4125 775 4204 cod.
799 4151 872 4200 non
902 4151 978 4201 esse
1010 4129 1170 4204 APXON
1196 4127 1258 4202 secl
