2884 4962
673 413 921 502 *dl-a

290 611 479 716 legendum
498 627 607 718 puto:

246 721 249 732 ⁵
387 734 558 809 ΔΙΘΟΠΑ
576 763 608 806 τι
625 737 705 830 lupis
723 735 772 820 ἠδ’
790 744 882 835 ἄλγεα
894 738 1075 836 deep-dem

289 853 380 948 Sed,
406 883 515 957 quum
531 855 655 928 horum
668 853 759 928 nihil
771 871 807 930 te
823 859 947 957 fugiat,
969 859 1039 930 iam
1050 859 1166 959 rides,
1191 897 1300 972 quam
1427 901 1428 938 ι

290 975 508 1064 absurdum,
544 989 580 1048 et
601 980 713 1072 ὕστερον
737 989 865 1076 spesspes
894 977 940 1048 sit
965 981 1044 1050 vini
1074 994 1182 1071 αἴθοπος
1209 991 1299 1069 dicti

289 1093 558 1192 appellationem
591 1106 747 1192 repetere
768 1121 789 1164 a
824 1095 911 1168 Solis
937 1121 1029 1196 equo
1047 1103 1230 1204 Aethope:
1256 1127 1300 1192 ut
1331 1149 1336 1162 ·

288 1211 356 1286 hoc
388 1213 498 1312 inepti
530 1213 757 1287 Grammatiei
790 1232 1047 1311 commentum,
1080 1227 1154 1298 sive
1188 1229 1301 1304 Athe·

289 1355 416 1404 naeum
447 1330 641 1430 deceperit,
678 1332 752 1407 sive
783 1361 826 1408 ex
864 1339 949 1438 ipsis
978 1340 1149 1416 Athenaei
1179 1348 1301 1424 verbis

290 1453 480 1534 confictum
491 1452 559 1538 sit,
583 1452 682 1524 uncis
700 1471 821 1528 notare
843 1459 1050 1544 amussim,
1072 1474 1113 1534 ut
1130 1462 1299 1564 Euripide

289 1568 486 1668 indignum.
535 1571 651 1658 Quem
672 1578 894 1668 quantumvis
914 1577 1300 1678 Etymologiaestudio.

288 1717 391 1782 sum,
413 1686 510 1786 (rid.
530 1685 656 1766 Valet.
677 1692 723 1770 ed
742 1695 873 1772 Phoen.
888 1724 952 1772 ·vs.
977 1702 1066 1799 27.)
1081 1727 1157 1782 non
1182 1719 1300 1782 tamen
1427 1751 1428 1756 =

287 1837 330 1888 eo
362 1808 478 1884 studio
500 1809 550 1882 ita
576 1803 728 1884 ablatum
748 1835 822 1886 esse
845 1814 975 1907 eredo,
1000 1833 1041 1896 ut
1064 1821 1102 1900 in
1128 1825 1298 1908 eiusmodi

289 1932 470 2012 adrerum
499 1925 776 2026 magnitudinem
798 1938 991 2032 composita
1010 1943 1226 2036 narratione,
1253 1948 1299 2024 ad

289 2053 395 2128 talem
424 2057 617 2147 pieploytur,
653 2047 874 2148 praesertim¹
893 2081 974 2129 cum
1002 2083 1120 2132 errore
1154 2067 1301 2140 coniun-

291 2183 385 2252 ctam
412 2167 651 2240 descenderet.
700 2171 967 2274 Antiquissimas
988 2175 1026 2246 in
1054 2177 1223 2278 Euripide
1247 2186 1300 2264 ist.
1427 2225 1428 2236 η

291 2269 559 2388 terpolationes,
586 2313 733 2388 quarum
753 2291 882 2370 multae
905 2289 1131 2374 histrionibus
1165 2293 1301 2382 deheti-

289 2418 368 2502 tur,
400 2418 602 2508 persecutus
638 2419 691 2479 est
725 2406 971 2485 Valckenarius
1002 2411 1046 2486 ad
1075 2417 1211 2492 Phoen.
1246 2449 1299 2503 vs.

296 2523 392 2602 1286
426 2535 461 2594 et
480 2537 561 2621 post
580 2549 661 2596 eum
680 2525 874 2602 Boecthius
894 2533 930 2604 in
954 2531 1044 2606 lihro
1065 2533 1110 2608 de
1144 2540 1296 2639 Tragicis

291 2641 448 2717 Graecis.
497 2643 652 2716 Alteram
683 2646 720 2718 in
744 2661 864 2723 nostra
894 2651 1009 2724 fabula
1035 2656 1154 2732 codice
1183 2659 1296 2734 Claro·
1427 2647 1428 2698 t

291 2776 458 2834 montano
487 2763 718 2864 antiquiorem
755 2794 830 2846 esse
861 2770 951 2844 inira
982 2773 1165 2858 ostendere
1197 2809 1301 2864 cona-

289 2876 419 2972 bimur.
805 2871 811 2877 ¹

339 3001 460 3074 Verba
500 2998 691 3078 Clementis
725 3006 950 3084 Alexandrini
965 3069 977 3104 „
1013 3041 1156 3118 err-quo.
1178 3027 1301 3100 tertius

291 3115 388 3196 loeus
409 3143 514 3219 quem
545 3125 722 3220 posuimus
754 3141 888 3200 sumtus
919 3145 991 3223 est,
1017 3151 1099 3208 sunt
1125 3139 1231 3216 haec:
1256 3154 1298 3238 μὴ

292 3249 368 3337 θίγῃς
391 3252 494 3328 ἡνιῶν,
518 3247 641 3336 παιδίον,
678 3245 787 3344 ἄπειρος
812 3247 870 3337 ὧν,
897 3254 970 3342 μηδὲ
1002 3261 1114 3352 ἀναβῇς
1144 3267 1189 3332 τὸν
1209 3264 1302 3359 δίφρον

290 3363 409 3430 ilatum
424 3369 463 3450 μὴ
482 3370 599 3452 uatus:
627 3389 739 3464 quae,
768 3391 849 3438 eum
872 3371 1050 3467 aptissima
1072 3373 1162 3452 Solis
1183 3405 1301 3478 perso.-

290 3501 356 3548 nae
382 3476 426 3550 ad
452 3479 561 3552 lilium
596 3480 768 3582 loquentis
800 3485 1016 3584 viderentur,
1054 3496 1301 3576 iamduduma

291 3598 376 3670 viris
392 3593 504 3670 doctis
533 3600 579 3672 ad
601 3600 780 3700 Euripidis
801 3602 1056 3682 Phaethontem
1081 3613 1185 3686 relata
1203 3631 1299 3692 sunt.

256 3744 261 3758 ·
292 3713 363 3788 Sed
390 3742 498 3816 quum
521 3720 678 3792 consulto
703 3722 823 3817 ligatae
849 3727 1014 3802 orationis
1042 3761 1227 3823 numeros,
1261 3751 1301 3811 nt

292 3859 396 3932 saepe
423 3836 461 3908 in
484 3835 630 3908 Platone
659 3840 736 3910 fieri
759 3840 935 3935 ridemus,
971 3851 1134 3930 Clemens
1159 3858 1299 3936 solvisse
1337 3924 1343 3938 ,

292 3950 478 4040 videatur,
503 3955 587 4054 quid
606 3959 644 4029 in
666 3958 835 4059 Euripide
863 3960 985 4064 legerit
1003 3975 1145 4054 difficile
1171 3996 1224 4054 est
1246 3979 1302 4056 di·

293 4093 384 4143 cere.
432 4073 556 4148 Lectio
575 4101 678 4176 quam
698 4096 885 4182 praeeunte
908 4087 1097 4169 Matthiaeo
1115 4101 1296 4203 posuimus
