2884 4962
647 434 974 552 .-o-'

259 649 384 742 ,notula
403 670 499 758 patet
522 641 922 764 haesitavitxylandera
952 654 1137 758 adscripsit
1156 664 1273 740 enim:

263 804 287 846 n
303 775 369 875 legi
389 786 418 850 ἐν
435 775 528 876 τῷ”;,
546 779 608 854 sed
633 781 679 852 iu⁴
692 779 781 856 libro
808 775 932 852 habuit
945 833 970 868 ,1
989 779 1207 882 utvidetur,
1232 795 1278 871 ἐπὶ

266 911 324 970 τοῦ
373 897 532 1000 Utraque
562 899 776 976 constructio
800 898 1101 1002 praepositionis’
1086 909 1130 975 ml
1144 903 1186 976 in
1208 903 1276 980 hac

265 1041 304 1090 re
333 1043 406 1090 non
442 1033 535 1092 caret
571 1017 762 1122 exemplis:
806 1044 888 1094 cum
925 1017 1028 1090 tertio
1058 1043 1141 1098 casu
1168 1022 1276 1100 habet

260 1117 516 1246 Philostratus,
555 1138 622 1236 (in
652 1143 711 1216 vit
741 1138 856 1240 Apoll.
874 1137 956 1210 Vll.
979 1138 1048 1236 d.)
1075 1149 1112 1214 τὰ
1132 1151 1273 1238 tappete,

262 1265 309 1330 tet
332 1261 367 1359 τῇ
385 1252 450 1334 ’tivo
465 1291 506 1358 τῳ
492 1263 668 1355 δράματι,
694 1269 722 1334 ἐν
750 1263 815 1341 cici
834 1258 1040 1358 Eiptcs'dms.
1057 1268 1147 1334 .τ..λ
1182 1265 1270 1338 Cum

258 1336 418 1470 ,reccido
447 1379 648 1476 Longinus,
666 1378 718 1454 de
737 1377 827 1452 subl.
858 1401 899 1453 cr
919 1381 976 1454 15.
1000 1384 1081 1475 ipssa
1098 1391 1143 1454 τὰ.
1159 1389 1203 1454 ἐπὶ
1222 1401 1271 1468 τῆς

261 1502 449 1598 Κασάνδρας.
499 1495 603 1602 Quod
625 1496 671 1574 tn
699 1497 925 1597 sequentibus
957 1531 1033 1583 τινας
1058 1525 1123 1598 pro
1155 1510 1205 1589 τὰς
1223 1500 1274 1576 lo·

263 1615 418 1714 gendum
441 1641 516 1690 esse
542 1613 694 1688 iudicavi
722 1617 810 1688 ratio
837 1617 975 1693 videtur
999 1621 1164 1694 suadere:
1189 1645 1273 1696 nam

262 1738 462 1826 communia
485 1761 558 1810 esse
579 1733 714 1808 stabula
740 1734 830 1808 Solis
849 1751 885 1825 et
909 1738 1061 1842 Aurorae
1082 1739 1178 1838 apud
1199 1742 1276 1816 Eu·

261 1851 414 1952 ripidem
447 1843 537 1928 nihil
564 1855 609 1928 ad
634 1856 869 1949 Strabonem
901 1856 964 1930 sed
995 1857 1082 1956 fingi
1101 1859 1273 1950 eiusmodi

258 1963 375 2044 locum
399 1973 609 2076 quemdam,
627 1998 779 2074 cumque
808 1972 965 2050 vicinum
983 1977 1154 2076 Meropis,
1179 1979 1273 2075 (Aeg

258 2089 419 2191 thiopum
448 2094 592 2192 regis,)
627 2089 865 2183 habitationi,
903 2120 947 2168 ex
974 2121 1015 2167 eo
1049 2099 1271 2184 manifestum

256 2225 329 2320 est,
367 2221 507 2314 poetam
541 2212 585 2286 ad
621 2227 815 2286 extremum
844 2239 962 2314 usque
994 2217 1196 2310 Orientem,
1233 2223 1271 2298 in

257 2359 317 2409 ora
346 2333 491 2435 quidem
525 2347 693 2408 lemarum
719 2333 765 2408 ad
789 2331 898 2406 solem
930 2361 1045 2428 versa,
1078 2340 1271 2442 Aethiopes

258 2453 433 2543 habitare
439 2451 643 2528 credidisse.
669 2465 708 2525 ut
734 2475 776 2523 ex
799 2449 906 2554 ipsius
931 2470 967 2528 et
986 2458 1148 2559 Aeschyli
1169 2463 1269 2538 testi·

259 2577 381 2652 monio
400 2575 531 2677 quivis
531 2575 711 2663 conficiat,
733 2596 811 2645 vere
824 2571 892 2646 hoc
905 2571 1032 2650 dixisse
1051 2575 1271 2672 Strabonem,

256 2693 527 2797 aveterihus
496 2727 532 2770 τα
563 2701 782 2794 μεσημβρωά
774 2679 866 2768 notura
893 2694 1115 2794 Aethiopiam
1147 2697 1271 2773 vocari.

258 2811 359 2887 Facit
389 2805 505 2889 autem
540 2813 718 2890 Strabonis
743 2815 831 2888 ratio
856 2829 896 2888 ut
921 2817 958 2886 in
980 2813 1172 2912 Euripidae
1193 2815 1269 2886 loco

260 2931 378 3032 ipsum
406 2903 610 3034 Aethiopiae
637 2959 767 3008 nomen
796 2935 991 3034 requiram:
1018 2931 1145 3030 itaque.
1158 2944 1270 3028 puto,

257 3077 323 3153 per
348 3049 613 3156 similitudinem
641 3051 795 3156 proximi
816 3051 913 3124 verbi
927 3051 1058 3148 Μέροπι,
1078 3049 1267 3140 excidisse,

257 3185 294 3246 et
317 3172 489 3268 integrum
520 3171 700 3272 Euripidis
725 3194 891 3258 versum,
921 3193 1030 3270 quem
1053 3168 1180 3244 Strabo
1209 3170 1275 3244 de·

256 3291 413 3370 scribens
428 3291 648 3394 turbaverit,
673 3287 781 3368 talem
802 3287 876 3364 fere
892 3289 1020 3382 fuisse,

272 3485 274 3492 ,
345 3415 502 3497 Αἰθιοπίδος
521 3419 631 3512 dedalea
647 3409 725 3498 cr'rgd’
745 3415 848 3484 ἄνακτι
875 3429 939 3509 γῆς.
1015 3503 1017 3506 .
1085 3449 1089 3462 ¹
1174 3459 1178 3474 ·

257 3531 313 3612 Ut
332 3521 484 3630 Meropis
504 3551 633 3606 nomen
658 3531 696 3602 in
724 3530 897 3631 Euripide
924 3528 1007 3604 huic
1037 3535 1152 3608 versui
1173 3558 1274 3635 praes,

255 3650 410 3738 cesserit
459 3647 554 3746 Nam
572 3649 678 3722 verba
697 3653 808 3736 δοθῆναι
825 3656 936 3745 Μέροπι
957 3649 995 3722 in
1015 3650 1183 3727 Strabone
1203 3660 1276 3756 pin

255 3769 457 3872 Euripideis
479 3767 609 3844 habere
638 3771 732 3844 nulla
755 3772 843 3844 ratio
866 3793 930 3841 nos
964 3795 1084 3866 cogere
1114 3774 1271 3870 videtur,

255 3877 417 3996 quamvis
442 3903 555 3965 metro
582 3887 703 3987 illigari
731 3889 886 3992 possint:
912 3899 949 3960 et
972 3889 1030 3960 vix
1050 3887 1147 3964 dicas
1170 3889 1272 3967 uude»

170 4089 175 4100 ,
257 4011 421 4113 penderit
451 4010 509 4083 ille
541 4010 753 4102 infinitivus,
777 4013 825 4103 si,
859 4005 956 4110 quod
980 4007 1169 4088 verisimile
1188 4027 1265 4104 est,

256 4149 295 4210 ut
328 4157 408 4208 mox
438 4129 636 4226 ostendam,
660 4130 735 4232 ipsa
759 4127 925 4227 Clymene
943 4124 1002 4202 hic
1023 4125 1212 4229 loquutur,¹
1229 4143 1271 4218 ut
