2884 4962
559 445 807 524 -174

224 634 364 711 Ibidem
383 660 430 708 vs.
454 658 498 734 7,
523 667 632 743 quum
657 641 841 724 Ptiatrhon
864 650 1019 730 nondum
1032 661 1180 742 Phoebo

170 773 321 854 parente
340 755 536 852 superbus,
562 773 602 833 ut
620 775 672 835 cst
697 767 735 840 in
762 767 907 861 ovidio,
935 777 994 850 sed
1014 778 1186 860 dubitans

175 879 358 978 quaesierit
374 905 394 950 a
416 892 525 952 matre
544 880 604 982 qui
617 889 726 983 possit
749 888 837 962 Solis
856 893 986 990 regiam
1003 897 1121 994 adire,
1146 917 1183 985 et

173 995 234 1070 illa
260 997 442 1088 retulerit.

320 1131 402 1215 κείνῳ
420 1125 535 1212 μελήσει
554 1139 637 1216 σῶμα
653 1133 697 1217 μή
710 1131 848 1216 diluissem
869 1137 898 1205 ri
922 1146 980 1204 σόν.

105 1237 106 1240 ’
174 1231 386 1332 respondet,
411 1236 448 1310 in
474 1237 530 1311 ed.
554 1239 675 1314 Herm.

321 1363 400 1452 εἴπερ
421 1368 516 1455 πατὴρ
536 1370 656 1458 stipate,
682 1366 747 1432 κούκ
770 1369 865 1450 ἄλλως
884 1374 981 1465 λέγεις.
1035 1398 1037 1406 ’

174 1471 218 1544 In
239 1469 367 1574 quibus
386 1483 464 1572 εἴπερ
495 1489 582 1550 este
610 1481 804 1556 coniectura
838 1485 987 1562 Belleri
1006 1515 1070 1590 pro
1098 1497 1186 1590 iret,

175 1613 264 1691 quae
277 1590 400 1682 verba,
420 1592 535 1668 habita
546 1601 678 1670 ratione
692 1601 879 1702 scripturae
891 1609 930 1680 in
940 1609 1081 1701 codice,
1099 1642 1186 1714 pau·
1299 1627 1307 1642 “

174 1712 225 1792 cis
247 1711 456 1784 tenuissimis
481 1727 616 1790 tantum
649 1717 812 1796 ductibus
843 1727 935 1800 inter
965 1752 1002 1799 se
1035 1729 1184 1808 distantz

177 1835 244 1908 mix
262 1828 354 1910 ἄλλως
377 1829 495 1904 intulit
517 1833 637 1913 Herm.
668 1867 733 1940 pro
759 1867 800 1913 eo
820 1844 914 1942 quod
931 1845 1106 1923 Beklrerus
1137 1851 1188 1926 le·

179 1963 294 2048 gerat:
315 1955 345 2022 ον’
367 1957 458 2034 καλῶς
476 1957 581 2048 λέγεις,
606 1958 670 2030 sed
690 1960 729 2033 in
748 1987 867 2058 apogr.
886 1963 967 2036 Has.
986 1964 1188 2063 planissime

179 2047 348 2170 scriptum
372 2084 425 2142 est
444 2075 474 2143 οὐ
496 2091 621 2163 κακῶς,
643 2079 739 2177 quod
757 2082 846 2154 mihi
869 2084 1076 2158 servandum
1090 2087 1192 2164 vide·

178 2204 249 2264 tur.
299 2200 406 2274 Κακῶς
429 2195 518 2294 loyen
545 2205 597 2264 est
626 2199 751 2288 etiam,
778 2215 903 2276 temere
926 2215 964 2277 ct
982 2208 1058 2282 sine
1074 2236 1191 2312 argu-

178 2326 297 2384 mento
317 2313 439 2384 dicere.
489 2311 574 2386 Vid.
593 2313 681 2390 Hco.
707 2341 758 2392 vo.
778 2317 861 2417 293.
932 2318 933 2322 ¹

229 2427 432 2528 Respondet
451 2431 641 2530 Clymenes

108 2552 111 2556 ⁴
328 2553 395 2648 σαφ’
409 2559 485 2624 ἴσθι·
512 2559 599 2644 πεὺσῃ
618 2553 648 2622 d*
662 2556 728 2626 αὐτὸ
752 2561 797 2654 τῷ.
808 2571 899 2660 χρόνῳ
927 2581 1033 2666 σαφῶς.

178 2672 253 2746 -Sed
278 2667 423 2742 verbum
444 2686 537 2767 σαφῶς
561 2669 661 2744 abest
693 2673 737 2745 ab
758 2700 874 2774 apogr.
904 2678 987 2754 Has.
1009 2711 1190 2789 nequeam·

175 2793 229 2866 tis
248 2791 365 2890 placet
385 2801 465 2887 post
489 2791 555 2888 cop
569 2801 639 2868 ἴσθι.
687 2791 789 2868 Idem
824 2822 895 2870 non
918 2798 1024 2873 habet
1043 2815 1108 2880 art.
1125 2811 1190 2903 τῷ,

173 2909 243 2988 ‘sed
257 2906 461 3010 planissime
490 2911 661 3009 scriptum
688 2919 794 2998 adron(
813 2949 903 3012 χρειω
917 2909 991 3007 ,in
1014 2947 1083 3024 quo
1101 2930 1190 3023 puto

181 3056 256 3104 esse
288 3027 520 3126 corruptelam
552 3028 597 3102 ab
639 3031 714 3132 ipso
751 3034 894 3111 librario
925 3043 1001 3141 qni·
1030 3042 1187 3118 codicem

172 3146 358 3248 scripserit
372 3147 574 3247 prolectam.
624 3151 785 3229 Fortasse
804 3161 853 3230 sic
871 3158 1078 3255 legendum:
1171 3171 1179 3191 '

205 3331 206 3334 ,
331 3322 340 3342 .
365 3318 377 3340 .
404 3323 412 3340 .
440 3325 449 3342 .
473 3277 560 3365 πεύσῃ
581 3271 610 3346 di
624 3273 749 3350 aliti-oti
767 3287 859 3371 χρὸνῳ
874 3272 1038 3380 [μαθών]
1091 3288 1094 3293 ’
1173 3317 1181 3332 ¹

182 3393 251 3462 αὐτὸ
270 3386 358 3459 mihi
373 3384 432 3458 hle
449 3385 585 3460 videtur
603 3389 700 3489 quod·
720 3395 849 3472 Latine
867 3394 996 3468 dicitnr
1016 3402 1098 3496 ipsa
1117 3429 1193 3498 tes,

171 3507 209 3582 'i·.
231 3535 264 3582 e.
278 3493 435 3581 ¹cerum:
462 3521 522 3596 ut,
548 3507 584 3578 in
600 3507 759 3582 formulis
784 3517 849 3585 αὐτὸ
869 3535 991 3608 σημανεῖ
1010 3531 1046 3590 et
1071 3522 1194 3595 simili·

185 3627 273 3718 bus,
300 3625 494 3727 dequibus
518 3624 638 3702 Valck.
666 3626 711 3700 ad
741 3631 874 3706 Placen.
910 3657 959 3708 vs.
975 3637 1060 3710 626.
1111 3640 1196 3714 Pro'-

185 3768 315 3816 nomen
341 3750 377 3816 σὺ
403 3771 477 3818 non
508 3745 655 3820 otiosum
692 3764 768 3842 est,
791 3753 851 3824 sed
877 3755 948 3826 vim
980 3753 1078 3829 addit
1104 3761 1200 3836 affir-

173 3863 347 3939 mationi:
374 3866 473 3937 utin
493 3849 617 3966 Suppl.
641 3865 845 3968 582.yaoics1
871 3878 907 3943 σὺ
925 3887 1058 3972 πάσχων.
1115 3880 1198 3959 Vid.

184 3984 292 4054 etiam
314 3981 449 4056 Herael.
473 3984 540 4058 65:
568 4002 605 4061 et
631 3989 669 4060 in
695 3989 770 4064 Alc.
798 3987 902 4091 10'57.
927 4007 1018 4094 χρόνῳ
1039 3999 1072 4072 δι’
1092 4011 1140 4076 καὶ
1163 4015 1199 4080 σὺ

184 4098 219 4198 μ’
241 4113 356 4197 αἰνέσας
375 4116 456 4194 ἴσως.
502 4104 579 4182 Ubi
604 4104 700 4184 vides
720 4106 824 4180 etiam
844 4117 936 4211 χρόνῳ
949 4113 1026 4186 sine
1041 4119 1206 4217 articuli,

983 4231 1002 4283 2
