2884 4962
554 363 845 478 „atq

964 543 967 572 l

172 601 227 676 dit
243 599 278 672 in
302 617 445 668 soonam
474 591 638 692 Merops,
662 589 792 690 puellas
814 589 889 668 sine
906 588 1019 682 dublo
1045 595 1175 700 Hymni

170 744 299 798 naeum
330 725 522 789 cantaturas
556 710 601 784 ad
629 711 758 806 regiam
792 707 944 790 ducens:
981 741 1085 819 quem
1110 733 1182 812 sta.

171 844 258 929 tim,
284 861 329 909 ne
357 832 445 933 quid
469 833 683 932 suspicetur,
708 827 837 932 excipit
865 830 992 914 chorus
1023 840 1177 918 carmine

170 955 332 1059 nuptiali.
379 951 455 1025 Nec
487 950 677 1056 quidquam
700 948 806 1046 magis
841 953 1029 1048 tragicum,
1056 961 1186 1042 etEtn

172 1078 295 1180 ripidis
318 1075 458 1172 ingenio
492 1069 630 1168 dignius
662 1065 764 1155 novi,
790 1093 894 1170 quam
908 1073 1003 1146 illud
1025 1075 1126 1158 dulce
1142 1094 1179 1162 et

172 1199 217 1277 ad
245 1195 411 1269 laetitiam
442 1189 673 1288 compositum
709 1211 850 1261 carmen
882 1189 920 1269 in
947 1216 985 1262 re
1014 1209 1084 1267 tam
1101 1199 1178 1276 dira

170 1316 404 1391 interiectum.
458 1311 581 1410 Neque
610 1318 728 1382 tamen
750 1305 879 1402 Regem
898 1307 961 1390 ¹res
988 1311 1048 1388 diu
1071 1293 1180 1394 latere

174 1450 307 1546 potest:
334 1457 416 1505 nam
437 1427 534 1506 redit
554 1424 726 1520 famplus,
750 1451 855 1528 quem
875 1425 933 1504 itte
962 1433 1104 1510 miserat
1132 1439 1178 1514 ad

171 1553 302 1661 puellas
332 1549 476 1624 domum
506 1541 800 1636 introducendas,
833 1571 878 1626 cx
902 1551 995 1648 regia
1027 1577 1182 1628 commo·
1219 1575 1221 1580 ·

174 1688 252 1748 tus:
277 1671 314 1746 in
334 1667 412 1745 loco
436 1664 532 1744 enim
559 1660 620 1740 ubi
646 1662 828 1738 thesaurus
849 1666 984 1745 domini
1002 1686 1180 1768 servatur,

176 1791 310 1892 inquit,
325 1813 402 1892 per
433 1784 547 1862 valvas
569 1783 686 1860 sumus
715 1801 898 1882 penetrat,
922 1802 960 1860 et
985 1814 1049 1888 per
1070 1767 1184 1872 totam

174 1910 318 1988 domum
347 1908 541 2007 spargitur:
574 1902 697 1994 videat
711 1904 785 1974 Rex
806 1927 853 1976 ne
880 1908 995 1986 omnia
1016 1909 1180 1990 moendin

176 2029 421 2128 corripiantur.
483 2025 647 2126 Merops,
684 2027 783 2104 ouius
809 2047 854 2102 ex
880 2026 1043 2119 omnibus
1077 2034 1180 2110 dictis

172 2147 292 2228 senilis
307 2145 449 2220 tarditas
465 2160 501 2218 et
518 2169 652 2230 summa
673 2145 838 2218 securitas
849 2149 982 2245 egregie
993 2167 1183 2252 apparent,

171 2270 230 2350 rix
256 2266 399 2348 tandem
430 2278 593 2348 movetur
623 2276 663 2336 ut
687 2261 806 2342 videat
836 2267 922 2366 quid
955 2269 1027 2359 sit..
1061 2272 1182 2373 Itaque

172 2394 280 2470 intrat
302 2389 453 2486 regiam:
479 2403 553 2466 tum
576 2409 658 2464 vero
681 2385 797 2464 omnia
823 2385 952 2458 timens
971 2387 1120 2482 chorus,
1146 2407 1203 2468 etv

176 2511 215 2588 in
242 2523 376 2583 summa
401 2507 508 2581 animi
533 2503 815 2606 perturbatione,
839 2503 897 2578 vel
926 2505 1044 2602 potius
1062 2524 1185 2604 aestu,‘¹

173 2633 367 2730 egregium,
405 2641 450 2700 etv
470 2626 522 2700 rei
551 2623 851 2698 accommodatum
883 2647 1025 2699 carmen
1066 2632 1182 2723 canit,

173 2754 268 2853 quod
285 2777 366 2826 mox
390 2745 590 2854 abrumpit,
613 2740 733 2820 audito
758 2742 910 2846 Meropis
934 2754 1015 2850 post
1041 2768 1183 2825 scenam

172 2869 313 2950 eiulatu·
1174 2956 1193 2966 ‚,

219 2991 316 3070 Haeo
334 3003 415 3064 sunt
438 2989 477 3062 in
498 2983 582 3058 folio
602 2982 640 3064 II
666 2978 795 3053 codicis
813 2981 1092 3062 Claromontani:
1121 3017 1182 3068 cu.

172 3112 227 3188 ios
258 3109 328 3186 duo
356 3107 461 3207 primi
489 3126 631 3189 versus,
663 3098 725 3176 ubi
755 3095 908 3197 loquitur
930 3104 1098 3204 Clymene
1132 3108 1179 3188 de

55 3205 59 3212 ι
169 3232 325 3308 fulminis
346 3226 486 3305 indiciis
504 3226 541 3296 iu
568 3245 712 3330 corpore
745 3220 993 3314 Phaethontis,
1019 3226 1182 3306 difficitti.
1241 3235 1244 3242 ¹

171 3375 267 3425 mam
296 3347 427 3434 babent
453 3343 735 3446 explicationem:
760 3355 901 3414 namet
924 3343 1183 3458 vitiosissimea

173 3468 316 3550 librario
344 3468 464 3568 scripti
485 3465 671 3551 videntur,
695 3473 730 3534 et
748 3484 836 3558 quae
863 3459 920 3536 ille
945 3466 1085 3567 scripsit
1108 3483 1182 3550 tam

172 3591 264 3674 male
282 3590 401 3670 habita
420 3573 508 3660 ⁴sunt
527 3583 571 3665 ab
590 3608 631 3654 eo
653 3581 713 3680 qni
734 3581 890 3659 codicem
913 3582 1069 3661 adalind
1089 3616 1180 3690 opus

173 3707 354 3798 adhibuitt
379 3722 418 3782 ut
443 3705 527 3780 aliae
558 3706 674 3779 literae
708 3725 821 3803 paene
845 3704 1067 3798 evanuerint,
1092 3709 1180 3799 alian

171 3852 313 3926 prorsus
323 3829 408 3906 asint
437 3826 584 3900 deletae.
634 3825 688 3898 Ut
715 3822 812 3897 dicas
840 3820 899 3894 bic
925 3820 1037 3896 valere
1051 3881 1066 3926 ,ἵ
1086 3806 1183 3927 quoti

171 3947 210 4035 in
236 3963 349 4028 vetare
378 3941 624 4050 epigrammate
648 3954 720 4016 est:
744 3943 939 4014 concurrite
963 3966 1083 4018 omnes
1110 3975 1192 4024 αα,

166 4086 278 4168 guttas,
296 4119 326 4172 a,
344 4064 561 4162 barmpicet·
620 4058 795 4141 Beldterus
839 4072 927 4174 quae
960 4061 1028 4138 sibi
1054 4065 1176 4166 legis„
