2884 4962
530 433 773 528 mot„

144 661 188 737 lis
212 657 311 761 equis
335 681 466 730 nomen
500 667 537 728 et
565 653 637 728 vim
661 650 699 725 in
724 651 808 724 anni
835 653 1080 756 tempestatem
1101 627 1159 734 exi

144 787 318 882 presserat
344 773 558 875 Euripides;
586 769 743 870 Aethopa
775 770 917 866 dioens,
947 776 1005 879 qui
1026 775 1156 854 Bacchi

148 898 308 974 florentis
337 891 529 967 vindemias
562 889 743 964 auctumni
780 904 939 995 tempore
961 911 1160 983 maturaret.

145 1009 388 1089 Secutus-erat
418 1011 628 1113 Euripides,
652 1008 716 1108 (ut
741 1003 908 1087 docemur
925 1015 970 1088 ab
997 1015 1160 1118 Hygino,

144 1135 216 1211 fab.
239 1130 498 1228 CLXXXIII.)
523 1132 561 1202 in
595 1153 637 1199 eo
664 1127 759 1226 quod
793 1128 933 1228 singulis
960 1134 1028 1208 illis
1060 1139 1159 1237 equis

147 1279 247 1328 suam
280 1253 353 1323 vim
383 1253 421 1322 in
452 1260 673 1349 tempestates
705 1245 951 1352 adscriberet„
968 1251 1159 1328 Eumelurn

144 1371 387 1460 Corinthium,
405 1369 629 1443 veterrimum
644 1373 783 1467 potitam
799 1367 1022 1465 historicum,
1046 1389 1086 1448 ut
1102 1401 1160 1475 ap.

147 1492 255 1594 pellat
279 1487 505 1562 Ruhnkenius
523 1490 563 1562 in
591 1489 658 1588 Ep.
683 1487 771 1565 Crit.
791 1489 841 1563 Π.
877 1515 914 1587 p.
940 1515 1025 1566 221.
1075 1492 1160 1566 Isa'r

145 1631 202 1695 τοῖς
235 1618 410 1710 inprudensne
445 1607 590 1682 Medeae
624 1605 804 1679 historiam
837 1629 1022 1698 enarrans,
1049 1609 1160 1702 Solis,

9 1795 14 1808 .
145 1730 247 1802 ouius
280 1754 319 1800 ea
344 1740 418 1800 erat
443 1724 537 1816 filia,
562 1751 617 1800 res
647 1728 723 1799 siue
758 1722 866 1796 dubio
899 1727 1067 1828 attigerat.
1115 1731 1159 1804 In

144 1850 301 1924 nominis
324 1873 408 1920 vero
430 1845 473 1918 ab
496 1843 644 1916 Eumelo
674 1845 860 1942 excogitati
881 1849 1013 1921 ratione
1035 1865 1162 1923 notan·⁴

148 1968 260 2057 dum,
293 1991 395 2056 eum,
432 1977 470 2038 ut
505 1963 618 2037 solent
652 1971 785 2040 veteres
806 1971 950 2066 potitae,
977 1969 1159 2068 proprium

147 2108 281 2162 nomen
310 2085 431 2158 secisse
456 2107 499 2155 ex
533 2083 689 2182 epitheto
699 2066 719 2175 ς’
736 2094 839 2160 αἴθοπα
864 2085 986 2162 dicens
1007 2090 1159 2188 quisuis

146 2205 284 2306 ignibus
300 2231 388 2306 quae
408 2215 564 2301 tangeret
585 2209 686 2275 αἴθοπα
698 2202 807 2275 facere
818 2205 1027 2304 putabatur:
1054 2211 1158 2283 etsie

146 2327 315 2414 Nomos,
342 2351 379 2424 p.
400 2326 485 2422 984.
518 2348 566 2395 vs.
595 2319 649 2398 15.
676 2337 712 2395 et
736 2349 774 2422 p.
791 2342 879 2420 990.
907 2325 1159 2400 vs.15.com-

148 2450 250 2520 muni
266 2445 423 2544 ¹epitheto
452 2441 498 2512 de
523 2440 611 2513 Solis
641 2447 740 2543 equis
764 2440 853 2514 dixit
869 2452 978 2530 α’ίθοπες
1000 2453 1095 2520 Ionii:
1121 2459 1159 2520 et

151 2567 354 2668 Propertius
380 2562 463 2658 (EI.
485 2563 534 2634 ΙΙ.
561 2581 616 2634 12.
634 2557 721 2658 32.)
745 2558 923 2634 scribens:

248 2689 300 2760 Et
321 2685 425 2758 citius
450 2681 567 2775 nigros
589 2680 645 2752 sol
666 2679 813 2780 agitabit
836 2706 961 2784 equos.

147 2804 248 2880 idem
270 2829 401 2878 nomen
430 2797 519 2870 mihi
543 2797 680 2871 ridetur
709 2798 857 2874 reddere
885 2799 1045 2878 voluisse.
1093 2803 1159 2876 Est

148 2925 244 2998 enim
265 2917 426 2998 adiectivi
451 2922 535 3011 αἴθοψ
550 2912 683 3015 duplex
703 2919 774 2993 vis:
800 2924 970 3021 significat
988 2922 1158 2997 nimirum

148 3042 245 3144 quod
271 3044 381 3115 uritur
406 3025 560 3138 adeoque
576 3034 756 3137 splendet3
780 3051 816 3110 et
836 3037 932 3142 quod
951 3051 1160 3134 natumst,

146 3174 184 3232 et
207 3162 258 3234 sic
280 3155 511 3258 quodcunque
533 3167 585 3227 est
601 3154 716 3244 fusco,
741 3156 890 3232 obscuro
908 3158 1047 3249 colore,
1075 3188 1161 3260 qua·

146 3275 188 3348 Iis
214 3278 318 3348 etiam
337 3285 411 3362 est,
435 3272 478 3344 de
506 3272 636 3373 quibus
664 3272 725 3347 htc
752 3301 867 3349 sermo
893 3293 965 3370 est,
991 3305 1161 3375 uvarum,

146 3420 229 3469 oum
254 3395 331 3470 illas
352 3393 421 3466 iam
443 3391 525 3464 solis
548 3390 641 3464 calor
660 3399 840 3470 couooxit:
867 3398 980 3488 hino,
1006 3427 1052 3474 ne
1074 3401 1161 3504 quid

150 3519 373 3605 omittamus,
397 3516 517 3614 poetae
539 3510 645 3583 etIam
674 3511 821 3590 ulterius
854 3525 1026 3621 progressi
1045 3523 1161 3594 omnia

144 3643 306 3734 αὐχμηρὰ,
331 3633 495 3724 sordida,
523 3631 577 3707 vel
598 3634 700 3705 etiam
720 3635 866 3708 inlausta
893 3639 1060 3740 adspectu
1082 3649 1162 3736 αἶθρ.

143 3788 187 3832 πα
206 3757 385 3830 dixerunt:
409 3767 450 3827 ut
468 3751 666 3837 Hesiodum,
691 3751 777 3849 Erg.
798 3751 882 3832 363.
908 3761 1039 3831 famem
1059 3769 1161 3834 αἴθοπα
1179 3765 1184 3776 ’

143 3875 251 3947 dixit:
278 3874 382 3975 idque
405 3873 585 3974 epitheton
613 3871 703 3943 mihi
722 3870 828 3947 etiam
855 3876 893 3947 iu
916 3867 1049 3977 Theog.
1074 3903 1157 3976 227.

138 3995 398 4069 testituendum
421 3993 581 4083 videtur;
606 3991 666 4064 ubi
688 4017 753 4091 pro

144 4155 152 4168 ι·
243 4117 402 4190 ΛΗΘΗΝ
419 4145 468 4209 τε,
493 4120 572 4210 λιμόν
588 4143 640 4205 τε,
664 4121 712 4188 καὶ
734 4115 827 4210 ἄλγεα
845 4111 1035 4214 δακρυόεντα,
1131 4147 1137 4163 ¹
