2884 4962
603 433 908 523 ·..2a..

279 663 334 724 ret
359 671 400 720 cx
436 619 656 724 Phaethonte
688 648 821 720 sumina
855 671 930 723 ease
961 667 1105 742 versus,
1133 675 1225 750 quos
1254 653 1295 726 in
1423 629 1424 636 ἵ

278 766 455 864 Florilegii
481 765 584 838 titulo
616 764 764 857 XLIII,
799 771 957 867 proxime
983 782 1064 866 post
1084 771 1295 844 sententiam
1424 775 1425 856 f

279 911 384 985 quam
409 881 513 958 modo
534 907 577 960 ex
597 883 726 960 eodem·
739 883 840 961 titulo
860 883 1110 984 descripsimus
1132 889 1295 986 apposuit
1424 867 1425 936 Ῐ

278 1004 468 1102 Stobaeus:

375 1139 441 1200 ναῦν
464 1156 503 1200 τοι
524 1122 571 1222 μί’
592 1120 695 1224 ἅγνυρ’
718 1123 845 1216 οὐδαμῶς
868 1132 966 1214 σώζειν
985 1126 1074 1221 pulsi,

377 1257 414 1330 ὡς
438 1267 511 1344 τρεῖς
534 1257 650 1336 ἀφέντι,
673 1246 832 1346 προστάτης
857 1239 884 1316 θ’
907 1249 1009 1326 ἁπλοῦς
1034 1247 1110 1316 ntia

375 1370 532 1464 σφαλερὸς,
557 1373 634 1442 dado
657 1368 688 1440 δὲ
711 1364 812 1447 κᾶλλος
834 1366 865 1436 οὐ
888 1367 972 1434 καινὸν
996 1365 1082 1435 πόλει.

177 1469 181 1476 ’
280 1481 416 1576 Quibus
443 1487 482 1558 in
508 1487 578 1559 fine
601 1487 778 1560 concionis
808 1483 948 1578 Merops
970 1479 1229 1562 Pha'c‘thontem
1255 1490 1293 1565 in

278 1605 377 1701 regni
401 1605 600 1686 societatem
613 1606 770 1706 recipere
789 1599 915 1703 potuit.
965 1597 1033 1678 Sed
1047 1627 1156 1702 quum
1178 1611 1292 1706 quiris
1427 1651 1428 1658 ν

278 1718 397 1793 rideat
413 1720 508 1800 hunc
530 1722 648 1802 locum
679 1749 785 1798 sensu
817 1724 978 1796 iunctum
1009 1747 1085 1796 non
1112 1751 1185 1800 esse
1209 1755 1290 1818 curn

267 1837 439 1936 &versibus
466 1839 652 1942 dequibus
679 1867 784 1942 supra
807 1839 982 1930 diximus,
1002 1840 1078 1915 sed
1109 1850 1215 1948 magis
1246 1850 1293 1925 ad

172 2023 178 2042 .,
279 1955 384 2056 plane
404 1960 577 2035 diversam
601 1961 778 2062 pertinere
812 1959 1041 2035 sententiam:
1066 1975 1108 2036 ut
1132 1981 1294 2065 apertum
1428 2003 1429 2010 ν

281 2076 327 2148 sit
359 2076 626 2179 inscriptionem
655 2082 725 2158 loci
755 2082 793 2156 in
823 2076 958 2170 Stohaei
994 2079 1098 2155 codd.
1124 2085 1291 2182 periisse:

281 2197 359 2294 quis
384 2197 487 2295 igitur
511 2199 638 2276 dixerit
667 2231 713 2276 an
745 2224 863 2276 versus
889 2222 932 2272 cx
962 2197 1204 2292 Phaethonte,
1237 2201 1294 2278 rel
1429 2186 1430 2258 i

280 2315 427 2394 omnino
440 2320 619 2422 Euripidis
637 2321 736 2396 sint?
783 2321 865 2395 Non
881 2315 998 2392 dicam
1021 2315 1195 2390 duriorem
1216 2343 1293 2394 esso

281 2461 347 2536 pro
370 2436 532 2513 facilitate
557 2440 748 2542 Euripides
770 2439 1088 2513 constructionem:
1113 2461 1196 2510 nom
1212 2460 1293 2510 moa

277 2554 362 2625 nuit
379 2579 436 2626 me
460 2554 506 2631 cl.
524 2557 652 2632 Balius
671 2571 765 2660 ἀφέντι
791 2562 829 2633 in
842 2570 982 2659 ἀφεῖσαν,
1009 2553 1215 2629 mutandum
1238 2557 1291 2628 viz

282 2670 380 2763 deri,
403 2687 442 2750 ut
452 2700 572 2752 sensus
582 2677 645 2753 sit:
662 2691 706 2751 ut
718 2703 797 2752 eam
809 2701 909 2778 quus·
920 2693 990 2750 tres
1001 2697 1150 2752 cncoms
1166 2670 1291 2745 emisit.

278 2791 405 2895 Neque
425 2795 494 2873 hoc
508 2811 710 2895 argumento
728 2811 767 2872 ut
776 2821 895 2872 versus
908 2791 1070 2892 Euripidi
1090 2789 1293 2868 abiudicen·
1430 2797 1431 2804 ’

281 2925 342 2984 tur
361 2912 457 2987 abuti
475 2913 607 3007 velim,
634 2941 707 2989 esse
723 2917 762 2988 in
780 2915 843 2990 alia
857 2913 1013 2990 eiusdem
1034 2917 1157 3010 poetae
1174 2909 1294 2988 fabula

282 3057 423 3107 carmen
459 3037 497 3112 in
524 3034 627 3134 plane
665 3033 873 3109 contrariam
907 3030 1116 3108 sententiam
1133 3027 1290 3104 ¹factum.

280 3154 394 3236 Locus
414 3180 520 3258 quem
537 3153 618 3230 dico
644 3167 698 3226 est
722 3154 759 3226 in
786 3153 954 3229 Androm.
980 3179 1031 3228 rs.
1051 3149 1292 3250 479-4861

281 3298 368 3372 quos
390 3299 527 3364 versus,
552 3275 610 3348 vel
635 3273 833 3376 philosophi
850 3275 970 3356 locum
986 3271 1070 3346 inde
1089 3293 1292 3372 expressum

263 3389 450 3484 acogitasse
479 3391 616 3470 ridetur
631 3393 753 3472 Cicero
780 3390 825 3468 de
850 3392 938 3490 Rep.
961 3391 990 3464 I·
1014 3392 1075 3484 do·

290 3590 294 3601 ⁴
331 3505 518 3606 Sequentia
548 3512 695 3590 Podtom
727 3511 776 3590 sic
805 3511 1115 3600 constituissent,
1147 3507 1292 3610 Meropo

283 3622 328 3700 ad
358 3653 454 3706 sacra
490 3630 661 3731 nuptialia
692 3630 846 3732 paranda
873 3629 1045 3720 abeunte,
1076 3627 1288 3718 Phadthon‚

282 3745 393 3826 celas
411 3749 501 3848 Rege
523 3751 566 3826 ad
593 3751 709 3828 Solem
729 3752 1029 3852 proficisceretur,
1055 3773 1097 3821 ex
1122 3747 1291 3845 superetis

280 3861 377 3944 tibus
413 3866 551 3944 fabulae
589 3869 748 3969 partibus
785 3872 969 3971 colligitur.
1040 3870 1125 3944 Post
1161 3867 1294 3940 horum

281 3980 472 4063 diocesem
500 3987 599 4068 chori
621 4014 763 4071 carmen
780 3991 938 4068 auditum
955 4015 1030 4064 esse
1055 3989 1113 4062 vix
1142 3985 1289 4083 duhium

282 4114 356 4186 cst:
380 4107 494 4208 quod,
508 4135 628 4213 ¹quum
649 4109 719 4196 ian
734 4109 966 4190 criente-Solo
985 4108 1190 4203 canebatur,
1214 4109 1300 4202 05¹5:
