2884 4962
388 687 994 778 viro-ctan1ss11uo

113 947 116 956 ’
183 863 195 950 Ι’
277 925 559 998 CORNELIO
586 921 802 996 rrcosso
831 949 911 997 van
940 918 1112 998 ASSEN

620 1139 647 1183 8·
670 1141 755 1184 Pol).

251 1387 253 1392 ·
319 1359 625 1435 SEBALDUS
667 1359 777 1435 lAN.
813 1359 895 1432 EV.
928 1359 1058 1434 ΒΑΗ.

497 1648 868 1680 »an-tutum

232 1874 372 2027 Quum
392 1911 448 1989 vel
467 1912 681 2013 aliquantum
702 1912 821 1990 sedato
848 1917 976 1990 horum
992 1893 1198 2013 temporum

178 2049 301 2124 motu,
328 2032 381 2106 vel
413 2033 631 2124 intermisso,
671 2033 755 2108 boni
789 2035 982 2134 respirare,
1010 2045 1194 2132 veteraque
1270 2073 1272 2076 ·

179 2154 295 2251 studia
307 2164 465 2252 repetere
484 2174 585 2248 posse
605 2139 808 2246 videantur,
832 2155 924 2230 redit
942 2151 1029 2226 milri
1046 2152 1085 2226 in
1097 2177 1195 2226 meu·

140 2265 142 2274 ’
179 2285 272 2360 tem,
303 2273 455 2352 Assene,
486 2267 548 2342 Vir
573 2270 781 2360 clarissime,
806 2274 881 2347 eius
905 2270 1000 2374 quod
1025 2270 1109 2344 olim
1131 2269 1197 2342 tibi

180 2389 346 2491 promisi:
389 2411 447 2458 me
481 2414 568 2486 quae
605 2388 649 2462 de
682 2392 903 2466 Phaethonte
933 2390 1125 2490 Euripidae
1156 2388 1197 2465 in

179 2505 437 2622 eommentariis
477 2503 638 2580 inchoata
665 2507 831 2580 haberem
859 2507 981 2582 ordine
997 2512 1195 2610 perscripta

180 2623 226 2698 ad
253 2637 288 2694 te
312 2622 512 2700 missurum.
562 2623 633 2698 Sed
667 2624 780 2700 hoca
812 2649 870 2694 me
895 2650 955 2696 nes
973 2624 1127 2724 postules
1150 2637 1192 2698 ut
1266 2697 1268 2701 .

181 2743 323 2816 editoris
345 2767 491 2814 munere
521 2741 655 2840 fungar.
711 2741 815 2836 Quod
850 2743 949 2845 louge
983 2767 1078 2816 meas
1102 2744 1194 2817 vires

180 2877 350 2963 superat:
389 2888 471 2934 nam
502 2861 636 2936 etiamsi
665 2887 706 2936 ea
729 2861 965 2938 Phaethontis
995 2863 1068 2937 loca
1089 2888 1194 2964 -quae

179 2979 274 3081 apud
305 2992 438 3054 veteres
472 2983 659 3083 scriptores
693 2997 903 3082 supersunt,
937 3011 1020 3058 cum
1048 2981 1195 3086 reliquis

177 3099 400 3206 Tragicorum
431 3097 534 3200 hujus
553 3102 690 3200 generis
709 3099 885 3210 reliquiis,
912 3101 1196 3208 doctissimorum

179 3220 334 3302 virorum
360 3245 478 3291 curam
503 3222 575 3294 iam
600 3219 736 3294 dudum
756 3231 900 3315 experta
928 3223 1031 3308 sunt,
1047 3232 1093 3292 et
1114 3217 1191 3292 lou·

181 3339 291 3440 giores
328 3336 433 3408 huius
459 3335 593 3412 fabulae
630 3350 768 3436 partes,
804 3357 847 3404 ex
871 3335 1040 3434 rescripto
1068 3334 1191 3410 codice

178 3456 449 3564 claromontano
466 3484 581 3560 nuper
590 3457 723 3547 editas,
742 3450 913 3544 feliciter,
925 3455 1096 3554 iramagna
1109 3457 1195 3530 scri·
1326 3493 1332 3502 ,

177 3574 549 3677 pturaerobscuritatm
572 3567 746 3652 Belrlrerus
760 3628 771 3664 ,
797 3586 832 3647 et
844 3577 1007 3675 inprimis
1020 3579 1193 3652 Herman-

178 3721 267 3798 nus‚
298 3695 501 3770 Germaniae
522 3700 676 3788 lumina,
701 3694 817 3768 multis
838 3691 924 3766 locis
951 3693 1167 3768 illustrarunt
1180 3719 1198 3798 3¹

177 3815 288 3888 multa
306 3827 422 3888 tamen
436 3818 473 3890 in
485 3817 526 3889 iis
540 3844 718 3920 superesse
730 3814 776 3888 de
789 3815 918 3912 quibus
930 3811 1074 3886 ulterius
1088 3841 1193 3914 quae·

176 3936 208 4048 ri
231 3937 360 4036 possit,
381 3938 411 4012 si
436 3938 513 4040 quis
544 3939 660 4011 omnia
678 3963 720 4012 ex
745 3933 1011 4036 antiquitatiset
1027 3935 1192 4011 interiore

176 4055 311 4155 liuguae
334 4055 487 4136 Graecae
511 4057 707 4158 cognitione
739 4053 911 4158 explicare
942 4051 1044 4146 velit,
1071 4075 1192 4129 omnes
1240 4134 1243 4142 s

926 4173 940 4224 1
