2884 4962
570 423 816 504 ...23-

181 653 335 750 parerett
356 637 489 741 (quarn
507 653 693 738 personam
718 624 854 726 saepius
869 623 908 698 in
929 621 1115 722 tragoediis
1130 645 1189 700 re·
1200 621 1207 672 .:

60 796 63 800 ’
184 774 383 840 currentem
411 754 578 854 Virgilius
612 747 741 822 Latino
775 746 881 818 etiam
916 769 978 816 suo
1009 743 1133 817 tribuit
1149 772 1157 816 :
1171 745 1209 842 )’Ι

182 877 393 980 Euripidem
413 872 519 972 igitur
541 868 600 940 blc
615 865 805 940 instituisse
834 861 941 937 unam
964 891 1007 937 ex
1030 863 1099 938 illis
1116 890 1207 937 ora·¹

178 1000 332 1076 tionibus
355 999 394 1068 in
408 989 534 1094 quibus
545 986 762 1061 occasionem
781 983 944 1085 captabat
965 981 1008 1055 ad
1024 981 1192 1082 populum

180 1111 481 1222 philosoplrandi.'
515 1111 562 1184 Et
581 1116 716 1209 poterat
734 1129 816 1174 sane
834 1101 975 1200 Merops
992 1101 1195 1174 Phadthon-

182 1255 255 1314 tem
269 1261 371 1310 suum
388 1232 512 1311 videns
529 1232 600 1303 iam
613 1251 656 1300 ex
674 1221 948 1298 adolescentibus
969 1225 1194 1295 excessurum

123 1339 126 1346 ⁴
185 1371 223 1428 et
238 1353 500 1430 matrimonium
515 1347 686 1444 initurum
697 1337 839 1412 laudare
857 1335 1079 1436 disciplinam
1096 1363 1196 1412 suam

187 1455 433 1562 domesticam,
468 1467 648 1567 multaque
682 1459 800 1533 dicere
831 1455 876 1529 de
910 1458 1005 1532 vitiis
1039 1481 1127 1555 quae
1158 1456 1197 1530 in

188 1589 506 1669 adolescentia'essc
527 1581 688 1674 soleant,
713 1578 919 1682 praesertim
937 1601 1046 1677 quum
1063 1597 1199 1647 summo

171 1713 262 1789 *loco
287 1725 397 1802 nata,
424 1710 518 1784 etin
543 1703 700 1778 omniurn
723 1723 844 1774 rerum
870 1695 1065 1784 affluentia,
1090 1693 1202 1768 licon·

78 1893 82 1904 .
185 1837 274 1907 tiam
295 1828 465 1932 peccandi
485 1834 674 1898 consecuta
694 1830 756 1891 est.
808 1819 930 1918 Itaque
946 1815 1038 1888 hanc
1063 1811 1202 1886 fabulae

189 1966 327 2053 partem
360 1947 445 2021 locis
462 1939 463 1942 ¹
479 1942 679 2016 distinctam
709 1935 816 2010 fuisse
846 1939 998 2036 opinor,
1039 1957 1127 2037 quos
1159 1935 1200 2006 iu

188 2069 414 2169 Florilegium
434 2061 566 2162 recepit
588 2057 773 2134 Stobaeus:
809 2056 955 2130 alterum
982 2055 1040 2130 tit.
1065 2051 1218 2126 ttulit·

188 2189 347 2288 (Gaisf.)
370 2185 444 2262 rid.
468 2178 594 2256 Matth.
616 2178 738 2277 fragm.
757 2173 843 2250 XV.

335 2317 364 2380 ἐν
387 2319 462 2380 τοῖσί
480 2323 582 2402 μωροῖς
602 2297 673 2374 τοῦτ’
696 2304 751 2396 ἐγὼ
775 2304 876 2395 κρίνω,
900 2299 1009 2394 βροτῶν
1026 2281 1039 2348 '-

204 2473 207 2480 =
334 2433 411 2508 ’ὅστις
434 2431 529 2518 πατὴρ
551 2419 590 2492 ὤν
613 2425 695 2494 ποιοῖ
712 2425 754 2512 μὴ
779 2428 916 2513 φρονοῦσιν
939 2408 970 2484 οὗ

337 2545 360 2638 >l
381 2553 428 2616 κοοῖ
446 2547 568 2623 πολίταις
591 2531 764 2639 παραδίδωσ’
785 2539 923 2620 ἐξουσίαν.

193 2666 341 2742 altorum
367 2666 423 2735 tit.
440 2659 575 2734 XCIII.
601 2659 700 2758 (rid.
720 2658 844 2753 fragm.
866 2624 1165 2743 XV11.‘Marrh.)'

334 2784 418 2854 urus
440 2799 492 2874 γε·
515 2796 568 2860 τοῖς
589 2767 733 2852 πλουτοῦσι
756 2791 833 2850 τοῦτο
855 2753 1046 2868 δ”ἕμφοτοη
1215 2753 1219 2767 ⁸

335 2915 469 2971 σκαιοῒσνν
492 2892 579 2972 εἶναι.
594 2909 637 2972 ,τί
656 2927 722 2972 ποτε
744 2903 836 2970 τοῦτον
857 2865 980 2974 τοῖτιονο

282 3088 283 3092 ,
336 3011 383 3116 ἆρ’
406 3017 490 3108 Illita
509 3020 598 3100 αὐτοῖς
617 3019 661 3088 ’ὅτι
685 3019 782 3114 τυφλὸς
806 3027 972 3110 συνηρεφεῖ,

335 3144 440 3238 'cupide
460 3135 560 3230 ’ἔχουσι
584 3147 634 3218 τὰς
658 3145 760 3235 φρένας
783 3137 831 3202 καὶ
854 3146 904 3212 τῆς
926 3135 1036 3221 sufflet

193 3259 248 3337 De
266 3271 414 3358 utroque
431 3257 508 3328 loco
532 3279 642 3354 pauca
668 3251 817 3327 dicenda
839 3260 941 3322 sunt:
968 3269 1083 3347 neque
1108 3241 1204 3320 enim

174 3391 314 3454 ¹carent
348 3373 563 3450 difficultate.
622 3373 666 3447 In
703 3367 819 3476 primo
846 3367 989 3470 quidem
1022 3390 1095 3438 non
1125 3373 1207 3464 post

192 3514 300 3601 κριοω,
323 3497 387 3573 sed
407 3507 487 3598 post
505 3499 614 3596 βροτῶν
628 3488 944 3596 interpungendum
968 3502 1073 3588 puto:
1098 3491 1208 3581 βροτῶν
1295 3480 1298 3486 ’

191 3629 229 3695 τὰ
252 3637 336 3716 μῶρα
355 3615 452 3689 enim
467 3628 548 3690 sunt
569 3615 750 3704 insaniae,
772 3613 879 3687 stulte
892 3609 1005 3710 facta
1020 3605 1222 3678 homiuum¹
1314 3585 1321 3602 ⁴

193 3733 261 3809 sibi
278 3737 383 3810 nimis
394 3735 673 3836 indulgentium:
697 3731 763 3832 (cf.
787 3728 918 3805 Troad.
939 3726 1050 3827 996.)
1100 3718 1206 3815 Quod

194 3856 244 3929 sic
269 3857 352 3940 ὅστις
386 3855 506 3928 durius
537 3854 634 3955 sequi
668 3850 840 3940 videtur,
874 3861 927 3921 est
956 3845 1133 3918 Graecum
1157 3823 1227 3912 lo·1

195 3974 328 4074 quendi
349 3999 483 4074 genus,
513 3969 609 4072 quod
627 3973 665 4044 in
691 3968 861 4072 Euripide
881 3968 1045 4072 frequens
1066 3973 1140 4056 est,
1166 3967 1228 4030 ut*

195 4093 376 4200 relativum
394 4097 439 4174 sit
461 4119 527 4199 pro
550 4093 813 4169 coniunctione:
853 4085 906 4168 uti
927 4085 995 4162 lroc
1020 4083 1102 4162 loco
1123 4081 1232 4164 last)
1266 4137 1268 4140 -
