2884 4962
561 434 781 510 aa...

165 647 310 758 postne,
324 632 652 736 retnmporislate
664 631 879 710 velinscitia
891 635 1074 710 hominnm
1089 627 1182 743 quus-'0

166 770 196 842 si
216 765 421 849 laceratam,
447 755 673 852 integriorem
689 769 924 853 praestarem,
949 781 1021 830 non
1036 753 1190 830 inutilia·

167 881 312 960 videbar
343 877 562 972 excogitasse.
621 873 672 946 Te
706 897 818 961 vero,
849 874 899 961 si,
939 872 1034 976 quod
1063 887 1147 976 opto
1164 901 1190 965 ,·

162 1005 293 1106 loquax
321 999 406 1070 haec
442 992 584 1096 epistola
617 990 944 1089 agravissimarum
983 1019 1102 1068 rerum
1141 1005 1178 1066 et

167 1120 372 1194 tractatione
382 1129 422 1188 et
442 1111 737 1213 contemplatione
757 1110 803 1182 ad
821 1110 956 1204 literas,
982 1141 1067 1216 quas
1082 1139 1178 1188 sem·

169 1265 236 1344 per
261 1237 408 1326 amasti,
433 1233 585 1309 reditum
611 1229 677 1302 tibi
705 1234 896 1329 paraverit,
920 1235 960 1306 in
984 1232 1107 1334 primis
1126 1255 1184 1303 ro·

169 1373 288 1458 gotum
315 1353 441 1444 velim,
474 1367 539 1441 ut,
577 1352 606 1426 si
634 1375 748 1424 meam
772 1351 818 1424 de
850 1349 1073 1424 Phaethonte
1098 1373 1178 1420 sen·

172 1479 317 1556 tentiam
351 1474 416 1547 tihi
442 1470 666 1572 probavero,
699 1471 737 1546 id
762 1472 856 1550 ,mihi
895 1463 1094 1570 significent
1130 1469 1183 1541 sic

174 1598 289 1686 euim,
312 1621 429 1696 quum
448 1590 494 1664 od
511 1587 651 1664 laudem
673 1589 954 1694 optimorumque
971 1613 1090 1664 rerum
1104 1600 1184 1660 stur

171 1711 277 1796 dium
288 1737 344 1784 me
372 1735 512 1812 semper
534 1707 700 1803 horteris,
726 1721 766 1782 ut
783 1721 820 1784 te
846 1709 992 1812 dignum
1011 1717 1087 1802 est,
1113 1705 1179 1781 be·

170 1830 338 1906 neficium
359 1841 460 1904 mum
480 1827 647 1904 treberis.

651 2051 711 2172 d

218 2307 413 2406 Antequam
439 2301 485 2378 ed
517 2327 657 2378 scenam
688 2314 725 2375 te
753 2297 909 2394 ducam,
948 2314 991 2376 ut
1020 2322 1186 2406 personas

173 2439 315 2526 agentes
330 2423 579 2522 loquentesque
596 2422 661 2497 tibi
685 2421 890 2512 ostendam,
918 2436 954 2496 et
976 2447 1042 2526 per
1062 2451 1187 2530 quam·

172 2571 259 2619 nam
280 2565 399 2614 rerum
421 2537 699 2613 vicissitudinem
732 2539 884 2614 fabulam
900 2542 951 2617 ad
974 2546 1107 2618 exitum
1127 2545 1189 2618 de·

174 2663 314 2738 duxerit
331 2667 457 2759 poeta,
481 2660 637 2759 primum
663 2660 741 2760 ipse
765 2657 1024 2762 quodammodo
1052 2660 1191 2760 Prologi

174 2781 333 2883 partibus
350 2781 498 2878 fungar,
523 2790 564 2851 ut
585 2778 727 2879 qualem
756 2779 800 2853 de
832 2777 1062 2854 Phaethontis
1079 2763 1202 2854 rebus'

173 2900 400 2977 traditionem
429 2911 572 2972 secutus
603 2898 649 2971 sit
677 2898 867 2997 Euripides
901 2900 1036 2978 statimv
1053 2902 1186 2976 videas.

172 3019 278 3092 Modo
291 3017 357 3092 hoc
373 3020 411 3092 in
423 3019 565 3116 singulis
583 3043 629 3090 ne
645 3043 790 3120 quaeras
813 3003 902 3122 quid
922 3021 970 3096 ab
990 3021 1069 3098 aliis
1084 3021 1186 3097 aliter

171 3141 338 3214 traditum
369 3140 436 3230 sit;
471 3134 625 3239 quidque
656 3138 695 3210 in
724 3137 841 3219 fabula
874 3141 1072 3229 novaverit,
1099 3137 1187 3240 quid

173 3258 318 3334 aliunde
350 3256 522 3355 acceperit
558 3257 763 3356 Euripides.
827 3263 988 3358 Longam
1024 3281 1181 3332 moveres

170 3381 385 3463 orationem,
409 3399 523 3474 neque
539 3376 683 3452 fortasse
704 3379 903 3465 insuavem,
928 3374 992 3448 sed
1010 3389 1104 3450 extra
1122 3377 1189 3452 hu·

174 3503 231 3576 ius
247 3495 412 3598 epistolae
425 3508 691 3592 argumentum,
715 3509 755 3568 ut
778 3491 818 3566 id
834 3493 1188 3596 circumscripsimus,

164 3617 435 3724 ‚proferendam
483 3611 528 3690 ld
559 3627 697 3688 tentum
718 3613 855 3706 dicam,
882 3629 1061 3690 auctorem
1082 3638 1189 3713 quem

176 3741 327 3814 maxime
345 3734 444 3834 sequi
464 3735 616 3832 potuerit
635 3733 845 3833 Euripides,
871 3751 1009 3837 praeter
1028 3731 1184 3834 Aeschy-

177 3861 252 3936 lum
276 3864 313 3936 in
334 3852 563 3944 Heliadibus,
595 3867 631 3925 et
660 3854 822 3950 inprimis
844 3849 1060 3944 Hesiodum,
1085 3854 1191 3930 fuisse
1307 3935 1313 3944 ,

175 3985 332 4080 utputo
364 3971 626 4071 Pherecydems
661 3975 723 4074 qui
757 3972 851 4072 apud
876 3971 1079 4072 Hyginum,
1116 3975 1189 4050 fab.

177 4097 316 4192 CLIV,
350 4091 412 4171 ubi
434 4090 661 4168 Phaenonis
681 4089 810 4166 tabula
845 4104 1022 4184 narratur,
1057 4094 1192 4195 primus

930 4209 968 4260 μ
